2742 4642
185 301 237 375 96
586 305 756 376 miluus
784 304 888 376 LYDI

286 474 347 550 65.
394 468 478 565 ἧπαρ
495 475 591 566 ponde
612 477 669 544 σύν
683 484 729 568 τῷ
746 479 852 561 αἵματι
865 471 974 559 tarta,
999 476 1078 561 μττά
1093 475 1216 561 μίλιτος
1231 478 1283 542 δι-

184 575 311 663 δύμενον
324 582 373 647 oo
387 578 563 665 ἱβδομάδας
575 591 672 668 τρεῖς,
698 578 880 647 ἀπαλλάττει
892 582 1067 665 ἐπιληψίας.
1117 576 1231 663 ὁμοίως
1247 581 1283 646 δὲ

68 720 99 772 p.
119 701 166 757 111
184 687 235 750 καί
254 684 310 767 τὴν
332 687 460 772 καρδίαν
483 691 539 750 τοῦ
560 682 674 770 γυπός,
699 683 772 751 ὅταν
788 688 946 772 ξηρανάᾐ,
966 685 998 751 ἰν
1013 685 1104 750 ὕδατι
1119 685 1283 767 διδομένην

183 794 227 879 τῷ
241 787 297 875 ἰσῳ
312 784 415 877 τρίπῳ
429 784 552 871 ἰσχύειν.
744 859 747 862 ,

288 888 348 962 66.
381 893 475 978 Ιφασί
492 891 525 955 δὲ
543 887 635 955 odada
651 889 704 956 τὸν
716 885 841 956 ’ἰούλιον
856 884 1027 973 ἑπτάμηνον
1041 893 1206 970 τεχθῆναι,
1227 889 1309 954 καί5

185 992 339 1060 derisoriae
353 991 406 1060 τδν
420 994 550 1075 Ξζθδσμον
563 998 646 1076 μῆνα
659 1000 715 1059 τοῦ
732 993 882 1080 ἱερατικοῦ
895 993 1034 1058 ἰνιαοτοῦ
1047 992 1090 1067 εἰς
1102 991 1156 1074 τὴν
1169 993 1281 1056 οἰκείαν

185 1102 366 1222 μξταβαλεῖν
398 1096 615 1185 προσηγορίαν.
665 1095 763 1173 οάδείς
794 1096 829 1161 δὲ
863 1093 955 1172 ἀλλος
986 1091 1212 1179 ἢνδραγάἀισεν
1237 1090 1281 1171 ὡς

186 1223 285 1276 ουτος.

290 1299 349 1372 67.
397 1297 535 1387 χρησμὸς
557 1295 653 1385 iodea
670 1296 832 1385 Ῥωμαίοις
853 1299 930 1386 πρὸς
950 1303 1005 1382 τῆς
1028 1291 1175 1396 Μητρόςζ
1199 1294 1278 1380 μηδ’

186 1402 265 1481 ὅλως
280 1403 484 1491 Ἀφροδισίοις
501 1409 642 1491 χρῆσθαι
662 1402 721 1469 ἀνά
741 1401 840 1470 πάντα
854 1402 906 1468 τὸν
917 1399 1059 1481 Ἰούλιον,
1081 1398 1163 1477 ὅπως
1176 1399 1324 1478 αάτοῖς10

185 1504 327 1594 ύγιαίνειν
341 1506 381 1571 τά
398 1502 527 1588 σώματα
539 1507 655 1588 μίλλσι.

289 1609 349 1678 66.
399 1609 478 1675 κατὰ
494 1609 547 1675 τὸν
562 1609 594 1673 ἰν
609 1608 706 1675 ίίοντι
726 1606 811 1691 ἥλιον
832 1604 986 1690 ἀναχεῖται
1000 1601 1017 1670 ἀ
1030 1610 1153 1684 Νεῖλος.
1198 1604 1281 1683 'Ilm

185 1710 283 1795 ὄνομα
307 1718 351 1799 τῷ
370 1715 473 1801 Νείλῳ
496 1708 642 1799 πρότερον
648 1758 659 1791 ‚
688 1707 751 1776 εἰτα
771 1710 928 1795 Αἴγυπτος
950 1711 982 1786 ἐξ
1003 1706 1162 1793 Αἰγύπτου
1169 1754 1180 1787 ‚
1215 1705 1281 1774 εἶτα

185 1812 404 1902 Χροσορρύας,
430 1816 480 1881 καί
500 1814 535 1882 sd
555 1814 661 1880 λοιπάν
674 1819 786 1891 Νειλος
801 1812 860 1878 ἀπὸ
871 1812 1021 1895 βασιλέως
1034 1810 1114 1877 miro)
1126 1812 1280 1894 καλουμέ-

185 1937 258 1984 νοο·
279 1917 314 1984 τὸ
333 1918 393 2005 γάρ
414 1914 501 1996 δύξαι
515 1928 580 1995 τοῖς
593 1926 813 2005 γραμματικοῖς
826 1915 886 1980 ἀπδ
901 1919 956 1999 τῆς
970 1914 1041 1991 νίας
1056 1910 1140 1991 ἰλύος
1156 1910 1279 1997 ἀνομά-
1288 1926 1321 1981 16

74 2048 103 2107 p.
123 2030 173 2087 112
189 2028 267 2089 σθαι
290 2020 343 2087 τάν
364 2027 474 2087 Νεῖλον
494 2021 572 2108 πρὸς
593 2022 788 2106 ἰτομολογίαν
807 2016 876 2109 ὁρᾷ.
925 2019 1060 2103 περὶτῆς
1073 2018 1105 2081 ἰν
1120 2017 1204 2103 θίρει
1218 2023 1281 2083 τῶν

183 2122 305 2194 ἀδύτων
319 2122 480 2202 ἐπιδόσεως
487 2121 691 2209 Ἀναξαγόρας
706 2126 781 2211 φησί
792 2122 849 2199 τάς
860 2119 915 2205 τῆς
928 2121 1101 2198 Αἰθιοπίας
1112 2121 1280 2202 τηισμένας

181 2226 286 2311 χιόνας
306 2227 497 2294 ἀποστέλλειν
512 2228 565 2293 τάν
586 2231 709 2293 Νεῖλον.
761 2227 810 2290 καί
829 2221 942 2307 ταύτης
961 2224 1023 2288 lori
1037 2229 1091 2306 τῆς
1108 2221 1229 2306 δύξηςὸ
1245 2223 1276 2288 τ’

183 2328 340 2413 Αἰσχύλος
361 2333 411 2394 καί
429 2334 590 2416 Σοφοκλῆς
604 2331 655 2394 καί
672 2329 847 2414 Εὐριπίδης.
898 2324 915 2390 ὁ
933 2327 966 2391 δὲ
982 2327 1121 2411 μίγιοτος
1137 2328 1168 2390 ἰν
1187 2331 1278 2413 φιλο·

183 2432 292 2520 σύφοις
302 2430 462 2514 Ῥωμαίοις
475 2429 603 2508 Σενεκάς
615 2430 756 2515 ἀντιλέγει
772 2428 898 2518 φάσκοιν
910 2429 965 2513 τὴν
978 2431 1150 2494 Αἰθιοπίαν
1169 2428 1321 2512 (iidem

185 2539 236 2600 καί
251 2537 443 2598 διακαιέσδαι
459 2533 498 2598 ui
513 2531 641 2616 σώματα
656 2540 717 2597 τῶν
733 2534 975 2618 Τρωγλοδυτῶν,
996 2533 1102 2608 οἵτινες
1115 2532 1150 2596 ού
1166 2532 1278 2619 φίρσν-

183 2663 233 2715 τες
246 2637 299 2703 τὸν
311 2636 396 2721 ἣλιον
407 2632 467 2700 ἀπὸ
480 2635 535 2719 τὴν
547 2642 603 2722 γῆν
616 2638 748 2701 οἰκοῦσιν
754 2682 766 2715 ,
791 2633 808 2700 ὅ
824 2660 855 2700 τε
869 2629 1000 2720 ἀργορος
1015 2634 1086 2700 κατ’
1102 2635 1211 2714 ἐκεῖνον
1223 2633 1277 2699 τὸν

251 2843 418 2915 Βδιδομίνιγ
433 2847 468 2912 V,
484 2843 619 2915 δεδομένη
632 2845 665 2902 Ρ.
767 2842 998 2914 δίερατικσύοτιι
1010 2844 1044 2900 Ρ.
1148 2841 1276 2914 12'11312]

254 2915 522 3056 gpppopgpppptperus.
611 2916 648 2970 20
662 2913 766 2969 Seneca
777 2914 842 2969 Nat.
856 2914 967 2980 Quaeet.
980 2914 999 2969 4
1014 2915 1044 2969 2.
1128 2914 1165 2970 22
1181 2914 1275 2968 σίκοῦ·

252 3173 296 3229 65.
331 3173 423 3245 Hepar
434 3171 545 3227 vulturis
557 3189 614 3225 earm
624 3189 717 3226 eruore
728 3178 858 3239 meatum,
879 3190 936 3226 eum
947 3171 1022 3225 melle
1034 3170 1057 3224 si
1071 3169 1147 3222 datur
1158 3184 1207 3236 per
1217 3173 1275 3221 tres

185 3243 375 3310 hebdomades,
400 3245 490 3295 morbo
512 3240 634 3294 comitiali
657 3237 762 3294 liberat.
797 3241 916 3295 similiter
935 3251 1021 3293 autem
1044 3248 1072 3291 et
1093 3254 1138 3289 cor
1151 3235 1274 3305 tulturis,

186 3330 244 3366 cum
256 3313 379 3365 siccatum
391 3320 449 3379 est,
474 3311 498 3362 si
510 3312 586 3363 datur
596 3310 652 3363 ina
671 3328 720 3377 ua,
745 3309 802 3379 pari
814 3312 889 3363 modo
902 3311 996 3362 offieax
1007 3326 1066 3360 esse
1077 3305 1175 3358 dicunt.

253 3381 297 3433 66.
331 3382 429 3433 Dicunt
440 3388 524 3433 autem
536 3379 619 3447 ipsum
629 3328 722 3432 lulium
734 3388 954 3447 septemmestrem
965 3387 1068 3443 natum,
1093 3381 1120 3427 et
1130 3381 1275 3444 propterea

182 3447 319 3518 septuoum
334 3466 445 3502 mensem
457 3447 518 3501 anui
529 3447 699 3501 sacerdotalis
711 3448 738 3501 iu
750 3464 822 3500 suum
834 3447 917 3518 ipsius
928 3455 1040 3499 mutasse
1058 3461 1161 3498 nomeu.
1196 3460 1274 3497 nemo

183 3536 248 3572 vero
262 3517 327 3571 alius
338 3527 436 3571 tantam
447 3516 570 3569 virtutem
581 3516 715 3585 praestitit
726 3528 847 3584 quantam
859 3515 911 3570 hic.

251 3589 295 3641 67.
332 3585 471 3640 Oraculum
484 3587 572 3638 datum
588 3596 629 3637 est
638 3585 762 3639 Romanis
774 3603 790 3636 a
801 3586 887 3638 Matre
903 3585 1050 3653 (almona),
1070 3580 1172 3635 omnino
1190 3582 1273 3634 rebus

182 3655 311 3712 venereis
322 3651 484 3710 abstinerent
493 3672 542 3723 per
556 3661 638 3706 totum
649 3671 761 3706 mensem
775 3653 881 3722 Iulium,
905 3663 934 3708 ut
945 3654 1010 3722 ipsis
1020 3652 1139 3704 valerent
1150 3667 1271 3719 corpora.

249 3727 294 3779 68.
328 3725 390 3779 Sola
408 3725 435 3776 iu
451 3725 541 3777 Leone
552 3722 628 3775 Nilus
640 3723 846 3792 superfunditur.
881 3723 932 3776 lias
944 3740 1036 3776 nomen
1047 3719 1109 3773 Nilo
1122 3728 1199 3771 antea
1210 3719 1271 3785 luit,

180 3795 276 3851 deiude
297 3794 449 3915 Aegpptm,
473 3794 506 3845 ab
527 3793 665 3860 Aegypto,
687 3799 748 3862 post
762 3792 973 3860 Chrysorrhoas,
999 3798 1027 3844 et
1041 3798 1172 3860 postremo
1182 3787 1271 3854 Nilus,

180 3883 277 3934 araga
296 3865 339 3918 cui
374 3881 405 3916 oe
421 3880 514 3915 nomeu
532 3869 603 3913 erat:
627 3877 685 3912 uam
703 3863 773 3929 quod
788 3861 961 3929 grammaticis
980 3856 1037 3914 dud
1051 3857 1102 3925 τῆς
1114 3854 1180 3917 νέας
1193 3852 1273 3917 ἰλύος

181 3934 221 4001 (i.
240 3954 266 3988 e.
285 3951 386 3988 suevo
402 3931 483 3999 limo)
501 3929 606 3984 videtur
627 3929 774 3983 nominatos
791 3948 850 3983 esse
866 3931 960 3997 Nilus,
982 3929 1011 3983 id
1032 3928 1067 3981 ad
1087 3925 1271 3994 etymologiam

181 4011 295 4122 spectat.
331 4001 560 4067 demandatione,
577 4015 644 4081 quae
660 4016 711 4081 per
726 4007 851 4052 aestatem
867 3999 915 4068 fit,
934 4001 1100 4066 Anaxagoras
1116 3995 1155 4047 ait
1169 3995 1202 4046 ab
1216 3993 1271 4046 Ae·

180 4069 237 4207 tSap

181 4223 272 4259 uorum
296 4210 399 4261 Seneca
423 4208 584 4278 obloquitur,
610 4206 699 4260 diceus
723 4224 772 4276 per
788 4206 952 4276 Aethiopiam
979 4208 1066 4272 (unde
1083 4210 1111 4255 et
1127 4202 1271 4253 adurantur

181 4291 292 4345 corpora
305 4271 542 4347 Troglodytorum,
562 4274 608 4345 qui
623 4293 676 4329 uon
690 4278 807 4330 ferentes
821 4275 903 4330 solem
918 4277 967 4329 sub
982 4286 1054 4329 terra
1074 4270 1207 4337 habitant,
1224 4284 1271 4321 ar-

213 4070 299 4190 iopiae
322 4070 414 4124 solutis
437 4070 542 4123 nivibus
567 4069 669 4122 deuuttr
690 4068 789 4121 Nilum.
823 4076 852 4121 et
875 4068 903 4121 iu
920 4068 969 4121 hac
986 4066 1109 4136 opinione
1125 4062 1271 4129 Aeschylus

257 4140 325 4192 ocles
344 4150 423 4209 atque
439 4138 582 4207 Euripides
600 4146 670 4190 suot.
705 4154 818 4190 summus
839 4145 925 4190 autem
944 4135 1155 4206 philosophorum
1171 4133 1269 4184 Roma-
