2742 4642
176 333 227 410 74
548 373 552 380 ·
580 337 751 409 IOANNIS
780 339 883 408 LYDl

176 517 264 591 νοῦν,
290 509 380 577 οἶονελ
401 512 457 596 τὴν
477 517 532 578 τού
555 509 672 594 κόσμου
695 510 818 598 ψυχήν·
845 516 999 597 πολλαχοῦ
1018 512 1078 600 γὰρ
1106 510 1286 601 εύρέσκομεν

176 614 221 693 eia
234 612 251 682 ό
266 614 391 697 σύμπας
406 615 521 699 κόσμος
535 618 616 694 Ζεύς
630 616 809 699 ὀνομάζεται
829 618 881 682 διὰ
900 617 937 681 τὸ
954 617 1077 696 ύεέζιυον
1092 621 1143 682 καλ
1159 617 1285 686 ἄτελεύ·

175 745 276 804 τητον.
328 721 464 803 Σεμέλης
484 721 520 785 δὲ
539 720 631 786 αὐτόν
653 728 792 787 ποιοῦσιν
812 721 880 786 vida
901 716 944 798 ὥς
957 717 1018 786 ύπδ
1037 729 1094 806 γῆν
1107 720 1284 810 κρυπτόμε-

104 811 109 821 .
176 849 229 890 νον
250 823 300 890 καλ
323 823 376 888 διὰ
398 830 452 889 τοῦ
468 820 584 912 Ἑρμοῦ
591 874 600 902 ,
626 826 763 890 τουτέστι
781 833 837 891 τοῦ
858 822 966 910 λόχου,
987 822 1141 912 προϊόντα,
1167 829 1284 916 καὶτῷ

174 934 266 1015 μηρῷ
276 933 331 990 τού
346 927 424 1003 Διὸς
439 927 654 1015 έντρεφόμενον
668 929 757 995 οἱονεὶ
771 930 802 994 ἓν
817 940 881 1006 τοῖς
895 927 1080 1017 ἀπορρήτοις
1092 936 1147 995 τού
1163 927 1312 1014 κόσμουῖι

129 1035 135 1052 ’
175 1027 387 1109 λανθάνοντα,
413 1033 464 1096 καλ
489 1031 688 1120 διθύραμβον
713 1035 764 1098 καλ
795 1032 947 1120 διμήτορα
970 1033 1023 1098 τόν
1051 1030 1107 1099 δύο
1129 1031 1285 1120 προόδους

174 1133 325 1218 λαχόντα,
345 1135 401 1218 τὴν
418 1136 474 1218 μὲν
496 1135 676 1221 ἀνατολικὴν
699 1137 777 1224 πρὸς
791 1136 879 1203 νότον
894 1140 926 1202 έν
937 1144 1081 1220 χειμῶνι,
1101 1137 1159 1221 τὴν
1177 1139 1212 1202 δὲ
1223 1143 1286 1221 βο·

174 1240 258 1326 ρεέαν
279 1238 357 1326 πρὸς
378 1237 500 1322 δυσμὰς
521 1243 552 1306 έν
567 1248 610 1329 τῷ
632 1241 728 1329 θέρει.
779 1245 831 1306 καὶ
848 1247 944 1307 ταῦτα
960 1243 1017 1324 μέν
1031 1244 1098 1327 περὶ
1116 1238 1285 1307 Διονύσου.

174 1345 207 1408 έν
237 1344 272 1408 δέ
303 1349 341 1429 τῇ
371 1339 471 1432 ἡμέρη
500 1350 561 1410 τῶν
590 1347 811 1428 Βακχαναλιίυν
835 1342 1031 1430 Δημόκριτος
1056 1344 1188 1412 δύεσθαι
1209 1345 1285 1421 τούς

175 1444 291 1530 ἰχθύας
315 1446 409 1530 λέγει,
435 1443 452 1510 ό
478 1447 512 1511 δὲ
525 1445 659 1536 Βάρρων
683 1448 890 1533 ἀνεμομαχιάν
913 1447 1041 1515 ἕσασθαι
1060 1451 1282 1535 παραδίδωσιν.
1292 1465 1328 1520 10

148 1549 273 1626 ,οὕτως
292 1549 349 1631 μέν
371 1547 391 1633 ἦ
415 1549 583 1635 παλαιότης
607 1553 738 1640 περὶτὰ
764 1550 925 1619 Διονύσια.
995 1552 1024 1617 oi
1048 1555 1205 1618 Χαλδαῖοι
1227 1551 1284 1617 τόν

80 1673 108 1725 1¹·
126 1651 161 1712 84
176 1653 253 1719 θεόν
269 1652 339 1719 Ἰαὼ
361 1655 498 1738 λέγουσιν
523 1654 602 1739 (ἀντὶ
618 1662 674 1721 τού
692 1663 760 1744 φῶς
775 1654 898 1740 νοητόν)
921 1662 959 1743 τῇ
978 1659 1126 1722 Φοινέκων
1146 1653 1284 1742 ηλιύσση.

177 1759 230 1821 καὶ
242 1756 386 1839 Σαβαὼθ
402 1758 436 1822 δέ
451 1762 607 1842 πολλαχοῦ
622 1760 754 1845 λέγεται,
779 1757 844 1826 οἷον
859 1756 875 1824 ὃ
890 1756 966 1847 ύπὲρ
978 1761 1051 1837 τούς
1066 1758 1142 1825 lutri
1157 1757 1284 1838 πόλους,

176 1861 329 1927 τουτέστιν
344 1855 361 1926 ὅ
378 1860 572 1946 δημιουργός.
621 1861 625 1886 ’

281 1961 341 2033 39.
392 1964 452 2051 πρό
469 1965 628 2031 δεκαπέντε
641 1968 802 2030 καλανδῶν
813 1963 972 2053 Ἅπριλιίυν
992 1962 1008 2031 ὅ
1027 1961 1199 2049 Εύυιτήμιον
1211 1989 1282 2029 ποι-
1292 1983 1327 2040 15

176 2068 278 2145 κόλους
296 2067 425 2149 ἀνέμους
436 2070 534 2135 πνέειν
549 2070 636 2155 λέγει.
663 2071 831 2157 κεραλαέαν
850 2071 884 2135 δὲ
898 2069 1046 2153 Ἀθηνᾶν
1060 2071 1115 2153 τὴν
1130 2067 1283 2156 φρόνησιν

176 2170 214 2237 ἄν
225 2197 273 2248 τις
287 2170 382 2236 εἴποι·
408 2174 459 2238 καὶ
480 2174 541 2262 γὰρ
560 2176 607 2239 ἐπὶ
627 2179 681 2238 τού
706 2174 894 2278 βρέγματρς,
920 2173 1049 2240 κατὰτὸ
1069 2173 1281 2259 ἄπικέφαλον,

176 2277 391 2342 έναποκεΐσθαι
410 2276 526 2359 λέγεται
549 2278 637 2364 [πρὸς
655 2287 722 2354 ταῖς
744 2277 838 2364 ῥίζαις
865 2284 919 2343 τοῦ
942 2275 1121 2366 ἓηκεηύλου]
1146 2286 1209 2352 τοῖς
1225 2275 1282 2340 ἄν·

174 2378 314 2466 θρώποις
329 2375 349 2462 ἢ
366 2377 522 2466 φρόνησις.
576 2380 651 2447 ὅθεν
663 2379 855 2466 ὀργιζόμενον
865 2380 1014 2463 Ἀχιλλέα
1022 2382 1160 2467 Ὅμηρος
1176 2383 1210 2445 lx
1223 2385 1281 2445 τυύ

173 2483 347 2570 βρέγματας
371 2479 543 2564 πιεζόμενον
560 2479 692 2566 ὑπὸτῆς
709 2484 857 2567 Ἀθηνᾶς
870 2487 1000 2568 έποιήσε,
1026 2487 1121 2569 λέγων
1137 2480 1323 2566 “ξανθῆςω

173 2587 208 2650 δέ
224 2583 321 2668 κόμης
333 2587 380 2650 ile
396 2585 587 2668 Πηλεέαννα.”
640 2588 691 2652 καὶ
712 2592 886 2671 γλαυκῶπιν
909 2588 1004 2671 αὐτὴν
1022 2590 1076 2652 διὰ
1091 2587 1124 2653 τό
1139 2589 1281 2673 πυρῶδες

172 2686 345 2778 γράφουσι,
371 2690 421 2753 καὶ
434 2696 551 2775 γλαῦκα
565 2689 644 2779 αὐτῇ
661 2690 697 2757 τό
714 2688 817 2778 ὄρνεον
830 2693 1068 2778 προσνέμουσιν,
1095 2692 1170 2784 ὅπερ
1186 2688 1279 2779 ἐγρή-

241 2946 422 3023 Ἱιὶνατολὴν
437 2953 472 3008 Ρ.
574 2955 612 3010 22
625 2951 750 3022 γλαύκου
767 2953 803 3008 V.

172 3196 294 3260 mentem,
310 3194 387 3262 quael
399 3196 487 3248 mundi
501 3195 628 3250 animam:
647 3212 729 3265 saepe
745 3194 813 3249 enim
827 3196 974 3266 reperimus
980 3183 1138 3250 ‘universum
1154 3196 1278 3248 mundum

172 3261 264 3316 lovem
280 3263 417 3331 nominari,
435 3274 578 3347 propterea
593 3266 664 3335 quod
678 3283 783 3335 semper
800 3266 876 3334 viget
889 3274 917 3319 et
933 3267 1051 3319 infinitus
1070 3275 1121 3316 eat.
1157 3262 1279 3316 semele·

173 3340 260 3384 autem
274 3349 333 3385 eum
346 3333 447 3387 faciunt
459 3335 549 3403 lilium,
564 3344 594 3388 ut
607 3353 665 3389 eum
679 3336 725 3403 qui
738 3337 787 3387 eub
801 3344 874 3388 terra
887 3336 993 3388 abditur
1006 3343 1034 3387 et
1046 3350 1095 3403 per
1105 3331 1278 3400 Mercurium,

173 3400 201 3454 id
217 3400 423 3470 onerationem,
437 3393 544 3473 prodit3
562 3413 590 3457 et
603 3405 632 3457 in
649 3406 749 3457 lemare
768 3405 840 3458 Iovis
855 3404 959 3470 nutriri,
977 3403 1051 3456 velut
1065 3402 1093 3455 in
1107 3401 1219 3454 secretis
1234 3402 1277 3454 lo-

174 3470 213 3523 cis
227 3470 316 3522 mundi
332 3469 471 3536 latentem3
489 3482 517 3526 et
529 3473 729 3542 Dithyrambum
744 3483 772 3526 et
784 3474 1025 3526 duabuevmatribua
1039 3479 1137 3536 natum,
1151 3481 1277 3539 tanquam

174 3557 233 3593 eum
246 3539 292 3607 qui
305 3541 370 3593 duca
387 3543 473 3594 exitur
485 3542 595 3596 cortitue
610 3552 660 3608 eet,
674 3542 837 3610 orientalem,
851 3543 985 3596 meridiem
999 3559 1103 3608 versuo,
1119 3541 1214 3606 inemo,
1230 3558 1277 3593 ae·

171 3608 390 3734 ptentrionalem
414 3612 576 3666 occidentem
592 3630 702 3680 remae,
720 3621 831 3665 aestate.
867 3612 932 3664 haec
949 3613 1075 3665 hactenus
1094 3612 1127 3663 de
1143 3610 1276 3677 Dionyso.

197 3678 404 3733 acchanaliorum
420 3690 507 3734 autern
522 3682 566 3734 die
583 3681 750 3736 Democritus
767 3682 887 3734 occidere
901 3682 992 3734 Pisces
1013 3681 1087 3746 dicit,
1107 3681 1191 3733 Varro
1208 3696 1277 3733 ven·

171 3755 257 3802 torum
290 3765 384 3817 agnam
399 3751 513 3805 tutorem
526 3752 613 3806 docet.
643 3751 682 3803 ita
696 3750 839 3820 antiquitas
849 3751 921 3804 circa
933 3750 1117 3804 Bacchanalia.
1146 3748 1277 3802 Chaldaei

172 3819 248 3871 deum
276 3836 308 3871 ao
322 3820 414 3874 dicunt
426 3823 487 3890 (pro
501 3819 587 3874 lumen
601 3821 671 3891 quod
684 3831 771 3873 mente
783 3820 944 3903 percipitur)
958 3819 1118 3874 Phoenicum
1133 3819 1232 3887 lingua,
1247 3826 1277 3872 et

171 3887 290 3941 Sabaoth
309 3906 374 3942 vero
392 3908 473 3959 caepa
490 3889 595 3958 dicitur,
613 3889 727 3944 velutin
746 3907 792 3960 qui
811 3899 853 3944 eet
868 3907 950 3962 euper
964 3901 1066 3961 eeptem
1083 3888 1168 3960 poloe,
1186 3888 1214 3941 id
1232 3896 1277 3943 eet

170 3957 236 4010 deue
253 3957 344 4026 opifex
357 3977 381 4012 a.
395 3967 550 4030 procreator
564 3959 663 4013 mundi.

238 4027 284 4081 39.
318 4027 351 4081 A.
369 4031 395 4081 d.
417 4030 448 4082 15
466 4028 628 4082 kalendaerl
648 4028 711 4082 rilee
726 4028 874 4083 Euctemon
889 4028 980 4083 veniae
995 4038 1090 4082 ventos
1107 4027 1174 4082 llere
1197 4024 1273 4080 dicit.

169 4094 317 4149 Minervam
332 4097 470 4167 capitalem
487 4109 599 4152 mentem
641 4098 710 4168 iquie
729 4098 815 4151 dicat:
834 4099 930 4153 etenim
945 4099 973 4152 in
991 4098 1132 4168 sincipite,
1150 4098 1184 4152 ad
1201 4095 1274 4149 occi-

165 4163 275 4284 pitium,
299 4166 352 4220 eita
367 4186 426 4221 esee
445 4168 542 4221 dicitur
556 4170 651 4240 [prope
665 4167 770 4221 radices
787 4170 902 4239 cerebri]
919 4168 1066 4222 hominibus
1084 4184 1167 4220 mene.
1202 4166 1274 4218 unde

192 4241 324 4288 aeceutem
347 4236 473 4291 Achillem
496 4239 626 4292 Homerus
643 4237 768 4307 sincipite
789 4239 872 4308 premi
890 4257 913 4291 a.
937 4237 1101 4308 apprehendi
1118 4254 1134 4289 a
1149 4235 1275 4288 Minerva

167 4300 248 4369 fecit,
264 4302 354 4358 dicena
371 4302 422 4361 “et
436 4308 507 4361 flava
523 4326 597 4362 corna
613 4307 755 4380 prehendit
770 4304 921 4363 Pelidem.”
956 4317 985 4361 et
1000 4306 1082 4361 oculis
1099 4305 1194 4359 caeaiie
1214 4321 1273 4358 eam

166 4378 277 4443 propter
290 4378 409 4431 uatruram
423 4376 527 4449 igneam
539 4377 661 4451 pingunt,
680 4385 709 4433 et
721 4385 841 4437 noctuam
857 4379 972 4434 elavem
985 4377 1143 4445 attribuunt,
1158 4381 1189 4428 ut
1203 4390 1274 4443 quae
