2742 4642
437 348 780 425 construeremus
1102 381 1161 431 nx

63 554 229 615 mutuus
246 565 375 626 moue,
396 552 543 615 reddidit:
564 578 679 617 necnon
696 560 855 617 οαιιίιοίιιιι
866 569 895 617 et
906 557 1035 619 salutem
1044 562 1095 640 pii
1107 583 1160 622 ve·

10 662 12 677 ³
63 658 117 715 stri
138 658 270 735 imperii.
313 658 388 717 item
415 656 563 719 Richardo
590 662 775 720 Moutaoutio
799 662 832 719 in
858 662 1006 724 celebrata
1033 666 1159 745 epistola

63 778 154 843 quam
173 761 245 819 Diri
266 760 377 819 1011001
398 760 504 822 volunt
523 781 604 838 esse,
626 762 704 841 Opp.
724 762 865 823 seuit.
880 774 903 823 t.
918 767 1047 828 uraris.
1064 768 1158 845 1618,

62 862 115 922 iol.
133 882 168 942 p.
180 861 245 931 998
259 865 305 924 At
326 856 402 945 dorp
424 867 464 951 τῇ
482 860 543 950 1οῇ
565 864 700 949 βασιλείᾳ
721 857 859 945 ἆρμόζει,
882 866 946 925 sive
961 879 995 927 ut
1010 871 1043 927 in
1057 872 1159 929 Bene-

64 960 167 1022 dictiu.
182 961 232 1023 ed.
250 964 360 1045 legitur
375 967 452 1047 0pp.
470 966 504 1028 S.
517 966 609 1025 Rasil.
624 975 647 1025 t.
662 964 684 1027 3
701 967 797 1025 Paris·
817 967 908 1046 1750,
923 969 978 1030 fol.
995 990 1027 1050 p·
1042 971 1158 1035 1233:

62 1059 140 1149 ὅπερ
160 1068 202 1152 τῇ
216 1063 277 1153 1μῇ
295 1066 402 1150 πρέπει
418 1068 564 1155 βασιλεία.
606 1067 661 1129 sed
672 1078 706 1126 ut
716 1079 847 1129 revertar
861 1069 901 1130 ad
917 1074 1028 1132 Leonis
1046 1074 1158 1151 locum,

61 1165 167 1227 videor
187 1166 266 1227 mihi
284 1167 356 1229 inde
375 1173 543 1252 perspicere
563 1172 711 1251 primum,
738 1169 818 1252 Lydi
839 1172 950 1233 librum
970 1172 1008 1233 de
1028 1177 1158 1238 Ostentis

62 1270 149 1351 cpoli
169 1268 253 1351 apud
271 1271 500 1335 mathematicos
519 1292 617 1355 neque
635 1273 837 1354 improbatum
854 1276 946 1337 fuisse
962 1278 1023 1336 illis
1038 1288 1159 1358 tempo-

61 1374 145 1434 ribus
164 1395 223 1434 nec
242 1375 369 1436 fortasse
386 1386 540 1457 tantopere
552 1376 788 1457 infrequentem:
809 1397 881 1436 nam
890 1380 1062 1440 nominatur
1074 1402 1159 1440 corn-

59 1478 195 1537 muniter
206 1498 274 1537 cum
285 1476 504 1559 Quadripertito
513 1479 679 1538 Ptolemaei
689 1475 969 1562 Phaenomenisque
981 1483 1076 1558 Arati,
1093 1483 1158 1542 fre·

60 1579 264 1660 quentissimis
287 1580 414 1640 sanein
437 1579 627 1641 bibliothecis
650 1591 716 1641 tum
736 1601 806 1641 oum
824 1579 900 1642 haec
919 1584 1062 1644 scriberet
1083 1589 1156 1662 beo,

61 1684 118 1763 qui
141 1683 302 1763 imperator
321 1683 419 1743 factus
437 1695 482 1744 est
499 1702 577 1744 anno
597 1686 669 1750 886.
712 1702 811 1766 neque
830 1688 969 1766 sequenti
984 1689 1103 1748 saeculo
1116 1689 1158 1747 li·

59 1784 152 1844 brum
164 1783 202 1845 de
212 1786 435 1866 Magistratibus
448 1806 488 1846 ax
501 1807 558 1846 usu
570 1786 767 1868 manibusque
780 1785 938 1847 hominum
950 1809 1070 1870 prorsus
1084 1809 1158 1849 eva-

60 1889 179 1965 nuisse,
207 1898 310 1948 auctor
325 1898 371 1950 est
385 1890 495 1950 Leonis
513 1889 611 1966 filius,
631 1890 844 1951 constantinus
861 1889 1157 1972 Porphyrogenneta,

60 1992 115 2072 qui
125 1992 286 2070 imperarit
298 1993 336 2051 ab
350 2010 429 2052 anuo
443 1994 506 2056 912
522 1991 561 2051 ad
578 2012 692 2052 aunum
704 1992 778 2057 969.
819 2013 949 2076 namque
969 1997 1033 2054 eius
1047 1996 1159 2053 memi-

58 2093 106 2150 nit
119 2092 153 2150 in
166 2092 243 2153 libro
256 2091 295 2153 de
307 2092 522 2171 Thematibus,
543 2096 705 2156 novissime
725 2095 805 2155 edito
821 2097 854 2154 in
871 2097 1007 2156 Anselmi
1022 2095 1157 2155 Banduri
1173 2126 1203 2182 p,
1216 2125 1299 2164 mn

58 2194 169 2276 imper.
191 2196 350 2273 Orientali,
370 2206 395 2257 t.
416 2198 450 2273 1,
471 2198 566 2257 Paris.
590 2199 689 2274 1711,
710 2199 764 2257 fol.
785 2218 817 2276 p.
839 2196 858 2259 5
878 2199 920 2271 B,
940 2197 993 2255 lib.
1021 2201 1039 2260 1
1065 2218 1091 2255 c.
1116 2203 1160 2261 22

59 2295 94 2360 01
106 2293 141 2359 di
155 2293 313 2379 λεγόμενοι
326 2295 515 2380 Τουρμιίρχαι
529 2297 572 2372 είς
583 2297 753 2380 ὑπουργίαν
766 2300 828 2359 τοῖν
842 2299 1015 2378 στρατηγοῖν
1028 2292 1160 2379 ἐτάχθη·

59 2414 140 2464 σοιν·
163 2400 300 2480 σημαίνει
315 2396 348 2463 di
361 2396 394 2465 sd
403 2403 542 2464 τοιοῦτον
556 2395 673 2482 α’ξίοιμα
685 2395 740 2464 το“ν
754 2398 859 2479 ἔχοντα
872 2391 932 2477 ὕφ’
948 2393 1057 2463 luvris
1071 2420 1160 2482 στρα·

58 2495 173 2577 nisse
194 2495 378 2585 τοξοφόρους
397 2502 613 2577 emasculare
635 2501 689 2566 sol
709 2495 873 2575 rrslscoscir
894 2501 1084 2582 τριακοσίους
1104 2501 1159 2566 net

60 2595 254 2686 διξιολᾶβους
265 2598 386 2667 ἑκατόν·
412 2599 508 2679 οὗτος
521 2598 578 2686 γοὶρ
591 2609 688 2669 scisco
699 2604 733 2670 ἒν
744 2608 785 2692 τῇ
799 2603 894 2687 βίβλῳ
906 2595 1047 2666 Ἰυοὶννου
1063 2606 1157 2666 Φιλα·

60 2705 195 2787 detulere
210 2709 268 2770 τοῦ
286 2704 474 2787 καλουμένου
494 2707 614 2772 Λυδοῦ.
657 2706 803 2789 adquam
819 2708 921 2766 locum
937 2702 1006 2766 ride
1022 2703 1159 2765 Banduri

58 2819 148 2871 notus
158 2812 267 2889 imper.
281 2809 394 2869 Orleut.
411 2813 512 2889 ΗΡ.
526 2813 556 2874 6.
598 2810 701 2870 locum
717 2819 819 2868 eutem
842 2828 884 2868 ex
907 2808 984 2867 libro
1003 2805 1158 2888 (10110ςί-

59 2912 201 2973 stretibus
213 2909 423 2991 depromptum
434 2929 500 2970 esse
513 2908 591 2970 nihil
607 2908 726 2985 dubito,
748 2929 920 2992 quanquam
932 2907 1024 2970 hodie
1039 2911 1081 2969 ibi
1096 2930 1160 2969 nou

59 3016 208 3095 supersit:
229 3032 335 3073 verum
355 3014 490 3092 suspicor
511 3013 604 3073 fidsse
618 3015 650 3071 in
666 3010 782 3071 duobus
794 3013 876 3072 foliis
891 3013 952 3071 illis
966 3031 1044 3093 quae
1059 3012 1091 3068 iu
1105 3031 1159 3070 co-

59 3115 127 3176 dice
149 3118 229 3175 iuter
246 3112 470 3190 f01.43-44‚
495 3125 563 3196 post
581 3113 811 3196 descriptionem
828 3115 973 3195 legionis,
995 3110 1045 3171 ed.
1061 3131 1093 3191 p.
1105 3109 1158 3189 84,

57 3229 174 3281 resecta
188 3229 269 3279 sunt.

143 3323 241 3383 Venio
264 3321 303 3381 ad
322 3320 433 3383 Suidae
449 3324 655 3384 testimonium
671 3318 709 3380 da
726 3318 826 3402 Lydo,
848 3315 898 3378 ed.
911 3321 1030 3379 Kuster.
1042 3320 1155 3379 (10010-
1177 3335 1218 3399 12

58 3422 289 3504 brigiae1705,
309 3426 365 3484 fol.
386 3446 417 3506 p.
437 3429 514 3501 1313
536 3423 702 3506 quodcum
719 3421 896 3484 scholiastae
911 3423 1017 3484 Veneti
1032 3420 1159 3480 Cadini·

57 3542 120 3606 que
131 3526 201 3585 loco
214 3521 274 3584 huc
286 3530 387 3604 reieci,
410 3529 552 3609 quoniam
563 3523 672 3585 Photio
683 3528 780 3585 Leoni
793 3526 987 3585 Constantino
1001 3522 1159 3583 definitum

57 3635 181 3707 tempus
205 3638 252 3687 est
274 3648 334 3710 quo
356 3632 483 3711 quisque
506 3628 675 3707 scripserit,
696 3628 849 3687 saeculum
867 3628 888 3689 9
905 3635 935 3685 et
952 3627 1011 3702 10,
1034 3625 1157 3703 Suidae,
1194 3636 1199 3646 ·

55 3726 240 3790 scholiastae
263 3731 378 3790 Veneto
399 3750 435 3789 ac
456 3728 569 3790 Codino
589 3749 651 3789 non
669 3732 754 3788 item.
796 3748 869 3788 nam
887 3726 996 3789 Suidas
1011 3738 1045 3787 ut
1061 3728 1158 3788 exsti·

54 3833 126 3891 terit
150 3834 191 3896 10
210 3833 261 3893 vel
284 3834 324 3895 11
346 3834 395 3892 vel
417 3836 457 3897 12
475 3833 524 3894 sel
546 3832 680 3914 quolibet
706 3830 842 3908 saeculo,
872 3828 950 3890 illud
967 3841 1080 3889 certum
1099 3838 1155 3905 ast,

56 3952 126 3992 cum
149 3935 246 4013 ipsius
265 3943 333 3992 tum
355 3936 469 4016 reliqua
488 3953 598 4014 magna
617 3934 734 4009 lexica,
755 3941 918 4014 quaesunt
935 3935 1054 4012 generis
1072 3933 1156 3990 eius-

55 4030 147 4111 dem,
180 4054 199 4094 a
224 4046 269 4095 tot
286 4037 508 4116 possessoribus
532 4055 691 4117 progressu
714 4045 886 4115 temporum
908 4045 995 4093 aucta
1016 4033 1157 4112 suppleta

53 4138 183 4198 confusa
204 4158 288 4214 esse,
309 4150 344 4198 ut
360 4141 424 4197 iam
437 4140 469 4197 in
482 4141 545 4200 illis
560 4158 652 4221 quem
664 4148 779 4198 constet
792 4156 811 4197 a
823 4139 921 4218 primo
930 4134 1024 4195 lexioi
1036 4144 1157 4194 auctora

51 4239 206 4318 proficisci
230 4242 334 4302 locum
358 4242 413 4301 rix
435 4243 635 4302 inveniamus.
678 4237 798 4322 quando
820 4241 912 4318 igitru
929 4238 1023 4297 relata
1048 4248 1094 4298 est
1120 4237 1154 4295 in
1168 4261 1199 4320 p.
1213 4262 1307 4304 mm

51 4340 185 4404 Suidam
198 4340 275 4403 haec
289 4343 328 4404 de
345 4340 431 4425 Lydo
449 4342 570 4426 glossal
595 4346 700 4427 ntique
718 4353 787 4403 ante
802 4360 882 4403 saec.
901 4346 955 4408 13:
974 4360 1047 4402 nam
1059 4337 1156 4399 habe·
