2742 4642
108 310 182 361 em
253 244 256 249 ’
452 286 566 357 nasu
586 286 645 356 ou
669 286 879 357 osruuns

110 491 166 555 sed
183 489 261 551 haec
274 497 368 570 egent
379 485 596 571 disquisitionis
606 487 768 568 longiorist
787 485 984 567 inpraesenti
1006 485 1061 566 (nt
1076 483 1142 546 dixi
1156 507 1214 548 sn-

98 606 231 694 perius)
252 628 314 669 non
337 606 429 670 modo
448 609 578 668 abstinui
599 609 637 667 ab
658 608 834 668 excursibus
854 604 1046 683 huiusmodi,
1067 606 1123 667 sed
1139 610 1215 668 uni-

111 752 197 794 verse
220 732 312 790 etiem
331 731 365 789 in
384 729 465 789 notis
483 737 515 788 et
537 726 578 787 ed
599 728 723 788 Ostenta
744 730 776 787 el
796 726 836 788 ad
855 727 1059 808 fragmentum
1078 728 1150 788 libri
1164 730 1213 788 De

112 852 268 913 mensibus
282 868 399 910 summa
414 845 485 907 data
500 856 546 907 est
562 868 652 931 opera
665 860 700 909 ut
716 867 849 909 essemus
864 867 956 930 quem
970 850 1148 909 brevissimi.

59 985 97 1046 11
203 974 296 1031 Erant
307 969 388 1029 enim
399 969 432 1027 in
445 964 512 1028 cod.
525 968 682 1028 Caseolino
694 968 768 1029 folia
780 966 839 1027 duo
850 968 989 1027 abiuncta
1002 967 1106 1049 (hodie
1120 968 1215 1028 affixa

114 1091 156 1153 ad
167 1093 283 1174 reliqua
295 1086 397 1169 sunt),
418 1088 601 1147 continentia
612 1087 816 1166 fragmentum
827 1089 896 1147 libri
909 1090 955 1147 De
966 1091 1129 1164 mensibus,
1150 1109 1216 1149 non

115 1214 265 1295 epitomae
279 1211 363 1270 illius
377 1207 475 1269 editae
488 1208 609 1286 Lipsiae
623 1204 719 1282 1794,
741 1210 778 1283 8,
801 1227 818 1267 a
832 1210 954 1268 Nicolso
968 1206 1126 1283 Subando,
1149 1209 1217 1267 cla-

115 1333 232 1393 rissimo
246 1332 310 1390 viro
326 1339 357 1387 et
372 1326 560 1402 doctissimo,
581 1321 636 1385 sad
649 1326 827 1405 perticulam
839 1329 933 1407 ipsius
944 1327 1030 1404 iibri,
1053 1339 1216 1410 antequam

116 1472 135 1510 a
156 1449 373 1511 breviatoribus
398 1448 528 1527 plurima
546 1456 764 1521 resecarentur,
794 1447 984 1507 turbarentur
1009 1449 1128 1523 omnia,
1157 1467 1216 1506 nec

13 1608 25 1633 ι.
41 1594 103 1633 1¹11
120 1573 184 1632 iera
208 1569 370 1649 vestigium
393 1563 596 1647 dispositionis
619 1564 762 1644 pristinae
787 1567 1013 1650 relinqueretur.
1064 1577 1135 1629 sunt
1161 1588 1217 1628 eae

117 1691 256 1774 pagellae
270 1705 365 1770 aeque
378 1683 584 1747 miserandmn
597 1684 630 1743 in
643 1682 770 1771 modum
784 1698 813 1747 et
825 1688 941 1749 lacerae
956 1700 986 1748 et
997 1698 1144 1748 vetustate
1160 1686 1218 1746 de-

116 1812 222 1887 tritae3
244 1820 296 1884 ut,
318 1827 388 1868 cum
406 1805 571 1867 meditarer
585 1805 802 1883 Prolegomeua
820 1808 852 1865 iu
868 1809 980 1868 librum
995 1810 1041 1868 De
1056 1809 1218 1886 magistra-

117 1929 198 1989 tibus
220 1924 312 2008 (vide
327 1923 346 2008 ᾗ
361 1923 403 1990 85
418 1946 450 2006 p.
465 1921 589 2002 mv),
609 1936 747 2003 putarem
769 1925 929 1983 lectionem
948 1926 1075 1986 iliarum
1091 1946 1131 1985 ue
1148 1932 1221 1985 ten-

117 2049 176 2108 tari
201 2043 326 2129 quidem
349 2064 449 2125 possa.
490 2054 595 2124 postea
616 2041 724 2102 eodem
743 2041 908 2103 identidem
926 2046 1051 2121 relatus,
1072 2042 1218 2106 intuendo

118 2163 301 2249 inquirendo
321 2160 475 2224 ariolando
498 2166 611 2243 passim
627 2164 798 2244 expiscatus
813 2183 882 2224 sum
894 2167 1056 2240 nonnulia3
1078 2185 1154 2249 qnae
1174 2168 1220 2227 si-

119 2286 187 2345 mul
211 2304 247 2343 uo
267 2286 400 2365 primurn
421 2281 539 2364 aliquid
560 2283 637 2342 luols
657 2281 783 2341 fundere
800 2285 864 2342 visa
880 2294 966 2358 aunt,
988 2295 1019 2343 et
1035 2286 1221 2346 alacritatem

120 2405 176 2488 (ut
189 2403 243 2484 fit)
265 2414 296 2463 et
307 2403 482 2462 facultatem
495 2402 641 2461 maiorem
654 2403 818 2461 eunle'runt
831 2401 870 2462 ad
885 2402 999 2484 reliqna
1013 2423 1133 2486 quoque
1147 2426 1220 2486 per-

122 2521 289 2606 sequenda.
331 2531 481 2602 postremo
504 2519 581 2579 haec
603 2519 769 2581 deformata
789 2524 926 2602 quarraria
951 2533 980 2581 et
1004 2525 1132 2603 paucula
1154 2526 1221 2584 fra·

120 2652 243 2725 gmenta
262 2641 367 2701 libello
385 2642 431 2698 De
452 2641 576 2699 ostentis
596 2640 775 2720 subiungere
795 2660 827 2721 p.
843 2646 902 2706 113
913 2660 980 2722 sqq.
999 2662 1060 2702 uon
1073 2642 1220 2706 dubitavi.

121 2779 295 2846 quanquam
306 2760 381 2819 ratio
397 2756 520 2840 quidem
532 2755 688 2820 dissimilis
702 2761 761 2820 fnit
772 2758 848 2820 haec
862 2773 952 2842 atqua
966 2763 1019 2821 illa
1031 2762 1220 2825 restituendi.

118 2884 153 2943 in
165 2882 296 2942 Ostentis
310 2899 379 2940 cum
391 2881 506 2955 fontes,
528 2876 609 2938 unde
622 2875 723 2937 hausit
739 2878 859 2961 Lydus,
880 2884 1000 2963 saepius
1022 2882 1219 2965 deprehendi,

121 3013 187 3062 tum
201 3002 324 3062 omuino
337 3007 432 3057 tracta
445 2999 543 3077 magis
557 3006 602 3056 eat
617 3007 646 3056 et
659 2998 755 3058 fluens
771 3002 881 3060 ontio:
903 3011 973 3061 sunt
992 3002 1132 3062 circuitus
1149 3022 1221 3061 rer·

120 3123 230 3182 borum
242 3122 408 3200 longiores,
428 3127 480 3195 nt,
501 3117 554 3177 ubi
570 3119 749 3178 constitisset
763 3117 802 3179 de
815 3129 917 3179 mente
929 3122 1126 3200 interpuncti,
1146 3140 1222 3202 sup-

122 3240 206 3322 plere
228 3240 483 3299 continuationem
500 3246 596 3298 totam
609 3239 752 3298 orationis
765 3239 816 3297 rel
827 3252 914 3318 posse
927 3240 976 3299 vel
989 3236 1098 3298 audere
1112 3258 1223 3319 coepe-

122 3359 190 3418 rim.
231 3359 265 3416 in
289 3356 367 3416 libro
389 3358 436 3415 De
454 3357 608 3417 mentibus
630 3358 724 3418 oratio
744 3367 789 3417 est
813 3368 843 3416 et
859 3361 990 3439 pressior
1003 3370 1034 3418 et
1046 3359 1101 3417 lita
1117 3360 1222 3420 multis

122 3478 288 3538 luminibus
309 3472 461 3537 doctrinae
483 3475 591 3557 (prout
610 3475 690 3559 Lydi
707 3478 834 3536 facultas
855 3477 1009 3558 ferebat),
1030 3479 1120 3559 piena
1138 3499 1223 3539 coru-

121 3596 388 3681 memoratiouibns
417 3606 589 3672 auctorum,
622 3606 653 3655 et
671 3593 814 3676 proinde,
844 3598 940 3656 sicubi
961 3599 1078 3657 laborat
1096 3599 1223 3676 lamnis,

13 3743 108 3786 ‚xxm
125 3715 258 3777 difficilis
283 3713 323 3775 ad
344 3713 571 3775 restituendum.
612 3716 646 3772 in
666 3712 854 3775 redundante
876 3720 958 3776 enim
973 3737 1008 3777 oc
1021 3720 1160 3779 subinnui
1173 3721 1223 3780 lo-

124 3833 239 3919 quendi
258 3834 370 3915 ligura,
392 3835 419 3893 si
439 3834 478 3894 ob
501 3852 604 3893 cusum
622 3833 757 3915 aliquem
771 3831 956 3895 desideratur
966 3838 1152 3914 membrum,
1175 3839 1224 3899 af-

123 3955 198 4035 fingi
210 3952 245 4014 id
255 3963 355 4035 potest
366 3954 409 4011 ite
423 3962 458 4012 ut
470 3953 632 4033 probabilis
647 3963 677 4012 et
692 3973 785 4034 prope
798 3973 868 4014 vere
884 3958 1030 4016 restitutio
1040 3976 1105 4017 ease
1119 3956 1224 4017 rides-

124 4084 184 4134 tur.
227 4083 329 4133 contra
340 4075 373 4132 in
386 4092 495 4153 genere
511 4070 631 4132 dicendi
646 4072 756 4132 referto
771 4075 875 4150 rebus,
892 4075 941 4134 fac
953 4078 1155 4136 narrationem
1169 4075 1223 4151 ref,

123 4192 246 4253 titulum
261 4192 347 4270 libri,
368 4213 479 4255 nomen
495 4194 682 4256 solennitatis
701 4193 906 4273 intercidisse3
927 4215 988 4257 non
1005 4197 1121 4256 axelio
1138 4193 1223 4256 codi-
