2742 4642
478 342 729 414 PRAEFATIO.
1070 364 1153 414 mx
1279 344 1286 367 ’

130 538 186 605 Ad
197 538 369 605 versionem
381 550 482 604 autem
492 542 576 627 quod
587 545 710 622 attinet,
731 543 830 605 fateor
838 561 905 622 me,
926 545 1063 628 quamvis
1073 543 1157 607 nihil·

39 664 106 707 non
128 646 259 707 fecerim
280 646 389 705 necubi
407 666 457 705 me
479 649 606 709 auctoris
622 648 769 708 sententia
783 647 916 727 fugeret,
937 651 1033 708 vereri
1049 659 1152 709 tamen

40 769 82 810 ne
96 751 263 833 aliquoties
275 767 293 806 a
305 766 376 807 vero
390 747 599 811 aberraverim.
643 753 755 811 etenim
768 770 829 810 non
840 771 935 831 panca
948 752 1152 826 occurrebant,

42 871 125 934 qnae
151 849 302 935 quomodo
327 851 517 930 potissimmu
539 864 689 913 verterem
705 851 848 913 dubitavi.
892 854 1078 915 obscenitatis
1095 873 1152 913 an-

41 966 108 1014 tem
126 954 218 1034 culpa
233 955 343 1034 partim
354 954 429 1033 ipsis
439 956 528 1016 rebus
541 958 651 1035 partim
664 957 778 1016 auctori
788 954 962 1032 tribuenda,
985 958 1068 1016 cuins
1082 976 1152 1016 ora·

41 1060 85 1118 tio
98 1058 317 1138 perspicuitate
326 1058 452 1117 minime
463 1057 699 1119 commendatur.
740 1078 813 1117 nam
824 1068 854 1118 et
865 1058 956 1118 verba
971 1056 1152 1139 quandoque

41 1180 158 1241 parum
175 1161 285 1219 usitata
298 1169 350 1217 aut
361 1160 565 1236 insolentiori,
586 1170 620 1219 nt
634 1158 711 1219 mihi
724 1159 848 1243 quidem
860 1159 1032 1236 videbatur,
1054 1161 1152 1239 signi·

42 1263 188 1322 ficatione
201 1264 372 1343 usurpavit3
396 1272 430 1321 nt
441 1280 658 1345 nonuunquam
670 1265 703 1321 in
713 1260 856 1324 vertendo
867 1264 967 1343 potius
979 1282 1044 1321 rem
1053 1264 1152 1342 ipsam

43 1385 144 1449 quam
166 1366 288 1425 solitam
307 1365 468 1425 verborum
489 1366 554 1424 vim
575 1364 794 1446 respiciendam
821 1367 1000 1447 putaverim.
1042 1361 1153 1423 horum

42 1469 211 1527 verborum
223 1468 367 1550 pleraque
382 1469 414 1526 in
428 1465 528 1527 indice
543 1488 644 1527 rerum
657 1471 774 1545 notavi,
797 1467 920 1528 adiectis
939 1469 1006 1527 aliis
1019 1468 1153 1527 nonnul-

44 1570 104 1645 lis,
130 1588 207 1651 qnae
230 1571 279 1630 vel
299 1573 332 1629 in
348 1571 455 1631 lexicis
468 1589 529 1629 non
543 1572 719 1628 inveneram
732 1572 782 1630 rel
798 1572 889 1629 oliam
904 1570 943 1629 ob
957 1589 1078 1629 causam
1092 1590 1150 1630 no-
1160 1594 1189 1651 p.
1197 1591 1315 1632 uxxxvu

44 1670 145 1732 tanda
167 1673 339 1733 arbitrabar.
381 1683 514 1733 ceterum
531 1674 629 1731 versio
652 1690 687 1731 eo
708 1675 805 1753 magis
828 1670 967 1731 addenda
985 1670 1151 1750 videbatur,

46 1772 136 1857 quod
153 1793 230 1856 quae
246 1776 327 1834 lectu
340 1772 431 1856 digna
445 1775 624 1855 opusculum
639 1776 820 1849 contineret,
842 1772 882 1831 ad
896 1793 948 1834 eos
962 1777 1153 1855 potissimum

46 1878 201 1957 pertinere
223 1887 359 1958 apertum
379 1886 443 1937 erat
464 1880 549 1960 queis
573 1880 668 1938 rarius
691 1897 779 1936 curae
796 1886 842 1935 est
856 1877 1036 1935 Graecarum
1048 1878 1154 1936 litera-

46 1998 120 2038 rum
132 1976 278 2040 studium.
320 1976 428 2040 eadem
440 1990 474 2041 ut
486 1980 546 2040 fida
557 1984 656 2061 magis
671 1999 764 2062 qnam
777 1988 811 2037 ut
826 1979 947 2057 elegans
963 1990 1056 2054 esset,
1078 1999 1153 2060 ope-

46 2101 116 2141 ram
134 2079 222 2158 dedi,
250 2090 281 2141 et
300 2082 334 2141 iu
355 2080 492 2162 legendis
511 2084 626 2160 verbis,
654 2102 724 2141 cnm
743 2091 903 2162 utrumque
923 2091 1073 2160 praestare
1091 2101 1154 2142 nou

46 2204 190 2267 possem,
211 2186 415 2264 perspicuitati
430 2185 525 2243 malui
542 2204 633 2267 quam
650 2183 789 2243 dictionis
804 2183 932 2240 castitati
945 2166 1110 2240 consule're.

135 2288 277 2365 Exposui
292 2286 423 2345 breviter
442 2305 517 2368 quae
533 2287 644 2346 laboris
660 2305 746 2344 meaa
761 2287 835 2344 ratio
853 2284 962 2356 fuerit,
984 2282 1153 2364 quibusque

48 2386 87 2449 da
100 2386 194 2470 Lydo
210 2388 285 2447 bene
296 2390 407 2447 mareri
419 2386 596 2448 studuerim.
639 2385 781 2471 equidem
798 2385 986 2465 diligentiam
999 2383 1077 2444 milri
1090 2405 1153 2444 nou

49 2489 187 2552 defuisse
203 2492 282 2551 scio:
303 2508 365 2573 qua
385 2509 425 2550 an
444 2510 552 2571 operae
573 2492 704 2571 pretinm
721 2490 862 2564 fecerim,
883 2487 1012 2547 aliorum
1027 2487 1088 2547 fnit
1102 2488 1154 2547 iu-

49 2592 172 2671 dicare,
194 2594 304 2676 quibus
318 2594 454 2654 laborem
469 2612 572 2655 meum
586 2594 701 2674 publici
713 2592 788 2651 iuris
801 2590 867 2648 fieri
883 2589 1006 2670 placuit.

133 2696 314 2761 aarum
326 2697 481 2775 Lutetiae,
501 2697 590 2758 nonis
604 2696 681 2772 lul,
703 2712 782 2755 enno
801 2695 894 2758 1811.
