2742 4642
208 314 289 389 ιοο
602 313 774 383 romnis
798 312 901 383 ιτοι
978 290 994 301 “

204 485 299 576 μόνον
313 485 372 576 γάρ
389 484 444 563 τὰς
459 491 520 553 τῶν
532 486 631 554 ἔδνων
642 489 803 575 πρεσβείας
819 484 879 574 ὑφ’
897 483 997 573 ἑαυτῷ
1010 480 1156 564 τελοόσαις1
1172 484 1188 550 ὃ
1205 481 1312 573 μόγι-

206 584 299 680 ότρος
322 590 399 674 ίχιιν
422 587 607 672 πιστεύεται,
635 588 689 657 τόν
712 617 743 656 τε
771 586 915 674 δημόσιον
941 585 1072 676 δρόμον,
1100 592 1152 654 καί
1177 596 1312 673 πλῆθος

206 695 353 782 ἐμβριθὲς
378 699 438 759 τῶν
466 691 561 759 πόλοι
589 695 646 778 μὲν
672 695 920 783 φροομενταρίων
937 698 992 756 νῦν
1012 693 1046 757 δὲ
1063 700 1311 781 μαγιστριανοῖν,

206 799 262 884 τήν
277 823 308 863 τε
324 803 384 862 τοῖν
399 795 500 861 ὅπλων
512 798 699 882 κατασκευὴν
714 800 765 862 καὶ
778 797 916 874 ἐξουσίαν
920 844 932 875 ,
957 794 1028 859 ἀλλ’
1046 793 1089 861 ίτι
1103 797 1225 888 uatem
1239 802 1311 861 τῶν

205 906 367 968 πολιτικῶν
389 899 590 986 πραγμάτων,
616 903 667 966 καὶ
691 897 896 989 διαφερόντως
915 899 1036 986 Πίτρος
1056 890 1144 977 οὗτος
1161 896 1177 965 ό
1193 898 1339 979 notem

206 1004 225 1072 ό
246 1006 353 1090 μηδενὶ
374 1012 442 1082 ταῖς
462 1003 585 1091 ἃριταῖς
603 1003 682 1069 κατὰ
703 1005 798 1088 μηδὲν
817 999 965 1090 διάτορος.
1016 1001 1155 1082 διασώζει
1169 1003 1309 1092 μὲνγὰρ

207 1112 259 1175 καὶ
275 1116 407 1195 φρουρεῖ
419 1109 473 1191 τὴν
492 1105 602 1191 αόλῆν,
636 1110 687 1172 καί
704 1108 760 1191 τὴν
777 1103 948 1189 Ῥωμαὶκὴν
968 1102 1022 1170 oria
1040 1103 1186 1172 dnonrtiee
1204 1132 1310 1192 μεγα-

207 1209 363 1295 λειότητα,
388 1208 426 1295 ἣν
448 1211 535 1297 ίγγδς
548 1211 746 1295 ’άπαλομίιην
768 1210 926 1301 ἀβελτερίᾳ
948 1214 1010 1274 τῶν
1030 1209 1089 1298 πρὸ
1111 1209 1223 1289 αὐτοῦ,
1250 1207 1308 1275 οἶα

208 1316 306 1404 σοφός
330 1315 380 1378 καί
402 1314 453 1379 διδ
475 1313 586 1391 παντὸς
603 1324 667 1391 τοῖς
682 1316 814 1396 βιβλίοις
828 1312 1038 1401 προοανίχιον,
1064 1312 1307 1398 ἀποκαθίστησι.

209 1419 282 1496 rode
302 1420 336 1483 δὲ
358 1415 469 1500 νόμους
490 1418 578 1494 ridde
602 1418 684 1504 ei‘nep
704 1443 751 1495 τις
774 1416 882 1496 ἄλλος,
908 1413 1007 1495 οίςίξ
1033 1412 1158 1480 ἁπαλῶν
1184 1415 1305 1501 δνόχων
1315 1428 1354 1481 10

208 1516 380 1607 ἀνετράφη,
412 1526 585 1607 συνηγορῶν
613 1530 677 1599 τοῖς
706 1521 874 1605 δεομίνοις,
909 1518 1011 1606 ἅρχων
1032 1542 1064 1584 τε
1086 1520 1229 1605 μίγιοτος
1253 1523 1307 1584 καὶ

209 1624 298 1702 ἀξίαν
321 1618 421 1711 όφρδν
440 1630 495 1707 τῆς
515 1625 652 1701 ίξοοσίας
674 1623 834 1689 ἀνατείνων
853 1625 975 1706 ἐδείχθη
982 1671 992 1701 ,
1011 1625 1061 1686 καὶ
1075 1622 1220 1707 δικαστὴς
1233 1622 1308 1700 ὄξῦς

211 1730 262 1793 καί
282 1724 317 1791 sd
337 1729 452 1791 δίκαιον
473 1728 582 1813 κρίνειν
600 1730 764 1815 είλικρινιῖις
780 1723 989 1809 ἐπιστάμενος,
1009 1725 1086 1791 κατὰ
1100 1727 1196 1811 μηδὲν
1210 1726 1307 1792 αότδν

209 1826 411 1913 όπτιαζοόσης
425 1836 480 1913 τῆς
491 1828 594 1914 τόχης.
643 1837 742 1917 πρᾶος
756 1831 812 1914 μὲν
827 1827 885 1917 γάρ
901 1830 963 1894 ἔστι
977 1832 1027 1894 καὶ
1041 1832 1202 1913 μειλίχιος,
1229 1829 1305 1895 ἀλλ’

211 1933 267 1999 orie
288 1933 410 2021 εὐχερὴς
431 1932 501 2000 ccidi
517 1932 594 2020 πρδς
605 1932 661 2010 ede
675 1930 807 2017 αίτῆσιις
828 1932 886 2013 ἔξω
902 1939 957 1998 τοῦ
969 1929 1066 2016 νόμον
1082 1931 1307 2015 καμπτόμενος,
1316 1937 1350 1992 15

212 2035 354 2125 ἀσφαλὴς
383 2037 415 2101 dd
445 2032 522 2119 όμοῦ
546 2039 597 2101 καὶ
622 2038 801 2123 προβλίπων
825 2037 881 2114 τὰς
902 2033 1001 2124 όρμδς
1023 2042 1084 2101 τῶν
1104 2035 1307 2122 προσιόντων,

210 2141 327 2224 μηδίνα
351 2137 457 2225 καιρδν
478 2148 545 2216 ταῖς
565 2139 733 2230 ῥᾳθυμίαις
753 2146 958 2227 παραχωρῶν,
980 2139 1035 2223 τὴν
1055 2140 1113 2223 μὲν
1133 2136 1229 2204 νόκτα
1243 2148 1309 2216 τοῖς

210 2245 341 2328 βιβλίοις
362 2242 418 2326 τὴν
442 2242 477 2307 δὲ
498 2239 615 2329 intem
636 2254 699 2320 τοῖς
718 2242 891 2331 πράγμασιν
907 2244 1088 2326 ἐκκείμενος,
1113 2244 1193 2326 μηδὲ
1209 2242 1309 2328 αὐτὴν

210 2347 268 2429 τὴν
284 2347 373 2432 μέχρι
388 2352 443 2429 τῆς
457 2345 552 2428 αὐλῆς
568 2347 601 2410 ίκ
615 2352 670 2430 τῆς
687 2348 783 2424 οἰκίας
798 2347 830 2411 ἓν
842 2344 974 2429 ὁμιλίαις
993 2347 1172 2431 διασορίζων
1189 2343 1308 2423 διπλαῖς,

210 2445 358 2545 ζητήμασι
376 2449 411 2512 δέ
423 2453 552 2532 λαγωοῖς
564 2451 615 2512 καὶ
628 2447 797 2536 ἀφηγήσεσι
814 2447 999 2535 πραγμάτων
1010 2448 1213 2535 ἀρχαιοτέρων
1225 2449 1305 2533 μετὰ
1313 2453 1348 2509 3)

211 2558 273 2617 τῶν
290 2553 356 2637 περὶ
372 2557 469 2616 ταῦτα
485 2548 692 2636 σχολαζόντων
711 2550 887 2636 είλοόμινος.
919 2556 969 2617 καὶ
985 2554 1090 2642 καιρός
1105 2552 1205 2630 οὐδεὶς
1220 2554 1308 2642 αδττρῖ

212 2652 407 2739 διδογμάτων
420 2655 501 2719 ίοτὶν
513 2655 692 2741 άμίριμνος,
718 2652 917 2733 derodendo
935 2654 1032 2741 λόγων
1047 2654 1192 2741 ίξηγητδς
1207 2658 1307 2721 δεδιίσ

212 2784 261 2823 ναι
278 2757 333 2842 τὴν
348 2757 425 2844 πρδς
441 2756 531 2822 αὐτόν
542 2758 694 2841 ίντοχίαν·
719 2756 874 2847 πράγμασι
889 2761 948 2848 γάρ
963 2758 1074 2837 αιἰτοδς
1090 2761 1141 2825 καὶ
1155 2769 1308 2849 στροφαῖς

281 2939 314 2994 11
332 2908 492 3007 anesum
608 2938 642 2994 16
658 2937 816 3009 προϊόντων
832 2941 867 2996 c.
987 2940 1022 2996 17
1034 2936 1121 3008 μηδὲν
1136 2931 1255 3008 ἄκαιρον
1272 2941 1307 2993 c.

281 3010 315 3063 18
332 3003 483 3077 ἐγκείμενος
494 3010 530 3063 F.

212 3163 329 3218 cationes
350 3162 505 3234 populorum
526 3161 650 3231 magistro
674 3164 830 3232 creduntur,
857 3170 885 3216 et
900 3179 991 3215 cursus
1007 3162 1142 3246 publicus,
1165 3169 1193 3218 et
1215 3164 1307 3233 gravis

212 3232 348 3286 multitudo
372 3232 611 3301 megieuianorum,
637 3232 682 3301 qui
702 3232 761 3286 olim
777 3232 941 3284 frumentarii
957 3232 1021 3284 dicu
1037 3241 1112 3301 sunt,
1140 3241 1169 3287 et
1188 3234 1308 3286 fabricae

212 3310 382 3372 potestasque
406 3318 549 3367 armorum,
575 3318 665 3354 verum
686 3311 715 3354 et
738 3300 852 3353 civilium
873 3302 981 3372 insuper
1003 3318 1088 3354 rerum
1105 3301 1308 3370 administratio,

212 3388 245 3423 uc
286 3370 409 3439 raecipue
432 3370 513 3423 Petro
534 3369 573 3422 illi
596 3370 755 3438 clarissimo,
781 3369 924 3422 virtutrims
949 3368 1018 3424 nulle
1032 3369 1060 3422 in
1078 3387 1107 3424 re
1126 3371 1246 3442 cuiquam
1263 3389 1308 3423 se·

211 3389 305 3492 cundo.
343 3447 481 3491 conservat
497 3439 566 3492 enim
584 3440 749 3510 custoditque
761 3438 852 3507 aedem,
871 3456 919 3493 nec
931 3440 1071 3492 Romanam
1088 3441 1190 3511 respuit
1206 3441 1308 3510 magni-

211 3507 358 3574 ficentiam,
376 3524 452 3577 quam
469 3525 552 3577 paene
571 3509 711 3563 extinctam
729 3508 843 3580 priorum
861 3508 982 3577 inscitia,
999 3518 1090 3579 utpote
1106 3510 1212 3579 sapiens
1230 3519 1258 3562 et
1274 3509 1309 3560 li-

211 3577 268 3631 bris
285 3593 368 3646 usque
385 3576 498 3643 deditus,
515 3577 641 3631 restituit.
676 3578 749 3647 leges
765 3588 861 3644 antem,
878 3578 901 3631 si
919 3577 977 3646 quis
995 3578 1107 3645 omnino,
1124 3577 1230 3646 callens,
1248 3579 1309 3648 qui-

211 3651 261 3701 bus
278 3664 295 3699 n
311 3645 409 3699 teneris
427 3645 572 3714 unguiculis
589 3646 702 3701 imbutus
721 3655 775 3713 est,
800 3648 942 3718 petentium
960 3646 1124 3700 defensorem
1141 3666 1170 3701 se
1187 3667 1219 3701 ac
1236 3664 1307 3700 sum-

212 3733 280 3771 mum
297 3715 487 3785 megistretum,
513 3715 669 3786 dignamque
685 3726 818 3799 potestate
833 3717 1003 3786 gravitatem,
1021 3717 1141 3787 idemque
1157 3726 1261 3770 acutum
1278 3734 1308 3770 se

211 3785 324 3841 iudicem
349 3794 377 3838 et
397 3785 481 3836 nudae
504 3782 620 3837 iustitiae
643 3785 670 3837 in
694 3785 831 3839 iudicando
848 3785 971 3838 cultorem
991 3787 1121 3851 ostendit3
1145 3804 1231 3855 neque
1249 3802 1307 3838 eum

210 3873 323 3926 unquam
348 3852 451 3908 facilem
476 3854 581 3906 fortuna
605 3854 730 3908 reddidit.
766 3866 914 3908 mansuetus
932 3855 1000 3907 enim
1018 3864 1059 3907 est
1076 3863 1104 3907 et
1121 3855 1262 3921 humanus,
1279 3861 1308 3907 at

212 3943 264 3981 non
281 3924 364 3989 ievis3
389 3940 475 3992 neque
491 3922 614 3993 precibus
632 3923 723 3992 alege
741 3924 871 3992 flectitur,
890 3924 938 3976 sed
955 3923 1044 3976 fermus
1061 3924 1137 3977 simui
1154 3932 1211 3993 est,
1228 3940 1307 3993 prau-

212 3994 337 4064 videtque
359 3993 509 4046 adeuntium
531 4003 648 4045 conotus.
683 3992 779 4046 nulium
796 4011 860 4045 vero
877 4002 928 4044 tem
948 4009 979 4045 us
996 3992 1192 4047 remissionibus
1210 4010 1305 4046 conce·

213 4062 278 4115 dens
301 4070 378 4115 nocte
400 4062 490 4129 libris,
515 4061 558 4114 die
581 4061 695 4130 negotiis
720 4073 812 4125 vacat3
839 4062 901 4133 quin
938 4079 995 4115 omo
1011 4061 1039 4113 in
1056 4062 1139 4115 auiam
1155 4062 1227 4129 iens,
1253 4078 1305 4114 non

212 4130 331 4199 quolibet
346 4148 465 4184 sermone
483 4140 634 4199 contentus,
653 4132 849 4200 quaestionibus
867 4130 978 4183 literatis
996 4140 1024 4184 et
1039 4132 1204 4201 antiquorum
1221 4148 1307 4184 rerum

212 4200 454 4253 commemoratione
471 4216 528 4253 cum
544 4200 634 4253 harum
651 4201 776 4254 studiosis
793 4209 908 4254 tenetur.
943 4218 1027 4269 neque
1045 4209 1087 4253 est
1104 4200 1181 4253 ullum
1198 4200 1224 4252 ei
1240 4208 1307 4252 tem·

212 4282 262 4336 pus
287 4267 461 4322 doctrinarum
483 4269 656 4338 incuriosum,
682 4282 713 4323 ut
737 4270 869 4325 literarum
887 4271 1008 4323 doctores
1026 4285 1159 4321 occursum
1178 4269 1235 4321 eius
1252 4278 1306 4320 me

213 4342 304 4390 tueutr
327 4338 455 4405 eugustiis
472 4339 541 4393 enim
560 4356 605 4394 eos
623 4339 741 4413 dolisque
757 4340 888 4413 implicet,
914 4338 1031 4392 modeste
1047 4337 1198 4408 sciscitans,
1221 4346 1252 4391 ut
1267 4335 1306 4389 lo
