2742 4642
391 295 393 300 ’
460 340 803 412 commonentus.
1106 368 1178 417 xm

72 538 118 619 ζιι
133 531 218 623 elale
231 538 283 606 inl
296 542 419 621 σκηνῆς.
461 541 545 623 quod
558 545 732 604 universum
745 541 890 604 iudicium
903 543 930 605 si
945 544 994 605 oni
1007 541 1110 608 durius
1127 551 1176 610 ri·

74 642 202 721 desim,
226 653 344 723 reputet
366 645 394 704 ia
417 664 521 706 σοοιιιιι
544 644 703 722 Photiam‚
724 657 759 706 nt
780 659 843 707 erat
859 658 967 709 natura
982 669 1069 730 asper
1085 661 1176 733 atque

72 745 210 821 invidus,
232 765 271 804 ne
283 746 418 827 patribus
431 747 555 830 quidem
566 751 753 831 papereisae3
774 751 904 810 multum
915 771 981 812 essa
991 755 1025 812 in
1037 755 1071 814 S.
1084 758 1176 816 loan-

73 852 124 909 nis
152 846 360 929 Chrysostomi
380 852 554 912 criminibus
576 849 805 932 peroenaendia3
827 853 861 913 S.
877 857 1000 914 hanaen
1017 856 1109 917 falsas
1125 878 1175 916 ar·

75 953 336 1032 gumentationes,
356 954 502 1034 Gregorio
520 958 657 1037 Nysseno
680 952 920 1016 distributionem
938 975 1046 1036 parum
1063 970 1175 1039 aptam,

75 1054 146 1113 aliis
167 1054 228 1114 alia
248 1054 410 1132 obiecisse,
431 1076 529 1139 eoque
543 1060 664 1118 nomine
679 1059 744 1117 iam
758 1077 777 1117 a
792 1055 942 1139 theologis
955 1061 1068 1119 saeculi
1082 1082 1175 1142 supe-

76 1158 165 1216 rioris
186 1157 287 1216 minus
306 1178 371 1219 esse
387 1160 556 1239 probatum.
597 1161 730 1242 potuisse
747 1158 878 1243 denique
893 1181 963 1221 eum
978 1164 1031 1243 qui
1046 1163 1174 1243 grandes

76 1278 113 1318 ao
125 1259 275 1339 perfectos
288 1263 446 1341 scriptores
461 1264 592 1340 integros
610 1264 741 1342 legeret,
763 1265 909 1340 ctesiam,
930 1262 1175 1347 Theopompum,

38 1369 41 1375 '
77 1358 348 1441 Agatharchidem,
382 1366 592 1442 Memnonem,
622 1366 803 1448 Polybium,
833 1364 1001 1427 Diodorum
1029 1369 1175 1447 Siculum,

78 1466 259 1545 Dionysium
278 1465 591 1543 Halioamesaensem,
621 1469 813 1547 Appianum,
842 1469 1020 1547 Arrianum,
1040 1472 1073 1530 in
1092 1481 1177 1531 tanta

77 1569 261 1647 optimorum
277 1568 362 1646 eopia
381 1588 431 1628 eos
450 1570 503 1650 qai
519 1578 590 1629 snut
606 1568 821 1648 aeonndo,loeo
839 1569 1003 1651 despicere.
1044 1590 1101 1631 nos
1120 1591 1177 1631 an·

76 1678 161 1745 tem,
182 1670 235 1751 qai
257 1668 389 1751 antiquis
408 1669 470 1730 illis
484 1680 535 1731 ant
548 1672 671 1731 omnino
686 1684 738 1733 aut
750 1693 861 1753 magna
874 1693 914 1733 ex
928 1683 1014 1754 parte
1029 1693 1175 1751 caremus,

75 1772 195 1830 utinam
217 1769 369 1852 quomodo
389 1791 470 1831 nuno
491 1771 588 1855 Lydi,
610 1777 655 1835 sio
672 1796 749 1838 mox
767 1777 916 1852 Nonnosi,
938 1777 1009 1835 lulii
1029 1778 1174 1855 Africani,
1191 1793 1220 1849 p.
1235 1787 1310 1835 una

75 1876 283 1952 Praxagorae,
312 1870 545 1953 Cephalaeonis,
574 1880 722 1958 Eunapii,
751 1876 881 1956 Malohi,
910 1877 1039 1938 Candidi
1067 1882 1173 1958 Isauri,

76 1974 301 2057 Olympiodori,
328 1977 477 2057 Dexippi,
505 1976 682 2059 Phlegontis
703 1982 868 2056 Tralliani,
896 1978 1091 2060 Pamphilae,
1114 1984 1175 2042 Co·

74 2081 182 2156 nonis,
202 2076 336 2139 Helladii
352 2077 484 2139 eruditas
498 2080 723 2163 uberrimasque
736 2081 876 2143 historias
890 2084 1041 2162 insperato
1057 2104 1128 2144 casn
1141 2087 1174 2143 in

73 2181 176 2241 luoem
192 2181 320 2261 proferri
337 2180 524 2242 videremus:
544 2184 677 2262 proiecto
693 2194 724 2242 et
739 2202 849 2261 magna
860 2194 939 2242 asset
950 2193 1052 2242 nostra
1065 2185 1098 2240 in
1112 2185 1174 2244 illis

73 2281 214 2365 legendis
231 2284 384 2362 voluptas,
406 2304 463 2343 neo
477 2282 695 2344 desideraretur
707 2282 873 2343 moderatio
886 2285 918 2340 in
933 2280 1112 2341 iudicandis.

163 2385 273 2445 Leonis
286 2395 387 2444 sutem
403 2383 441 2443 de
455 2383 541 2466 Lydo
555 2386 639 2445 loous
654 2395 755 2445 exstat
766 2386 800 2443 in
813 2382 943 2444 Technis
957 2385 1040 2443 illius
1053 2394 1101 2442 ter
1111 2383 1172 2442 im·
1192 2388 1234 2452 10

73 2488 203 2570 pressis,
236 2487 332 2566 primo
362 2488 468 2546 Ladae
490 2497 624 2563 matum,
659 2508 701 2548 ex
724 2487 861 2548 versione
884 2482 992 2562 (lheoi,
1026 2485 1174 2562 Basileae,

76 2587 177 2667 1554,
202 2592 254 2655 12.
295 2588 340 2647 ibi
361 2589 394 2646 in
418 2599 554 2649 extremo
573 2591 692 2669 epilogo
713 2590 827 2670 operia,
857 2588 970 2667 pagina
988 2605 1052 2646 non
1071 2596 1175 2648 notata

75 2689 179 2773 (qnod
187 2691 307 2770 paginis
320 2688 460 2750 editionis
474 2710 546 2751 suae
560 2692 661 2751 nullos
672 2688 782 2753 adiecit
794 2709 935 2750 numeros
949 2687 1104 2769 (ihesus),
1124 2692 1174 2750 ri·

75 2791 164 2852 detur
178 2793 249 2853 libri
264 2790 303 2851 de
316 2795 446 2855 ostentis
457 2795 572 2853 mentio
584 2793 660 2853 fieri,
701 2802 771 2874 post
790 2790 898 2853 eadem
919 2794 1044 2854 Taotioa
1060 2794 1174 2852 Graeoe

74 2893 171 2954 edidit
181 2898 309 2954 loannes
323 2898 480 2972 Menrsins,
501 2895 642 2976 Lugduni
653 2900 758 2956 Batav.
774 2896 866 2971 1612,
877 2891 909 2971 4,
931 2893 1072 2955 adiuncta
1082 2893 1174 2954 (lheoi

73 2998 184 3055 hedua
196 2999 350 3057 versione:
372 2998 416 3056 ibi
427 3008 530 3057 tamen
542 3019 653 3059 nomen
664 3000 839 3077 mentioque
846 2994 926 3077 Lydi
935 2998 1026 3076 plane
1035 2999 1173 3056 eGraeoo

72 3097 199 3160 excidit.
226 3110 378 3179 postremo
392 3098 502 3161 eadem
512 3103 648 3181 nulgavit
656 3105 784 3162 loannes
792 3100 879 3157 Lami
889 3110 976 3159 sexto
985 3100 1062 3178 Opp.
1070 3100 1174 3157 Meur-

73 3203 230 3263 siano'rnm
250 3203 422 3279 volumine,
443 3204 629 3279 Florentiae,
652 3200 750 3275 1745,
771 3199 827 3259 fol·
849 3220 889 3259 ex
906 3201 1106 3260 Laurentiano
1123 3200 1174 3262 bi.

73 3302 245 3364 bliotheoae
260 3302 413 3364 Medioeae
431 3303 513 3381 aod,
534 3306 639 3365 multis
651 3302 775 3384 quidem
788 3303 862 3361 loois
876 3301 1052 3379 emendata,
1073 3304 1174 3364 minus

72 3416 179 3466 tamen
191 3408 225 3464 in
238 3417 360 3467 nostro:
382 3407 409 3466 is
422 3407 479 3482 ibi,
502 3408 558 3465 ool.
572 3407 636 3472 917
643 3450 653 3483 ,
677 3407 721 3466 sio
735 3424 767 3463 se
781 3401 890 3462 habet:
910 3401 968 3485 τήν
980 3402 1014 3468 dl
1028 3399 1175 3488 ἆσσρονο·

72 3507 149 3590 μίαν
166 3506 199 3569 ol
212 3506 283 3587 mol
303 3503 341 3571 ad
359 3505 491 3592 ominus
510 3502 702 3591 σχολάζοντα
722 3506 767 3588 (f.
784 3499 1008 3591 σχολάζοντες),
1030 3507 1126 3591 σοφίᾳ
1142 3525 1175 3569 σι

72 3608 127 3674 sal
146 3608 296 3697 ἐπιστήμῃ
315 3614 371 3691 τῆς
388 3614 452 3675 τοῖν
467 3604 602 3694 ἆσιὶροιν
615 3610 818 3692 ψηφοφορίας
833 3605 1025 3689 διαφέρονται
1046 3608 1089 3690 (f.
1106 3608 1175 3672 dea·
1225 3650 1228 3656 ·

72 3700 261 3794 φέροντες),
282 3715 351 3795 ιιιρί
369 3735 401 3777 τι
419 3710 472 3778 τὸν
495 3713 684 3794 Πτολεμαίου
707 3706 820 3776 ιιανὸνα
839 3709 893 3774 sal
912 3708 982 3793 areol
1005 3705 1062 3790 erle
1078 3702 1175 3772 edroi
1189 3734 1219 3791 p.
1232 3732 1316 3774 aare·

71 3811 241 3898 leyopdenv
259 3809 459 3899 Τιτροῖβιβλον
471 3815 524 3880 sal
536 3814 607 3899 ansol
622 3808 707 3896 ἕσιροῖ
721 3816 865 3878 senatuis
883 3813 1066 3877 Χαλδαϊκῶν
1076 3831 1175 3891 παρα·

72 3909 285 3998 σημειώσεων,
307 3917 428 4001 προσέσι
452 3916 486 3984 dl
508 3917 561 3981 sal
580 3913 638 4000 τὴν
652 3921 710 3982 τοῦ
723 3910 848 4000 'siedron
862 3914 1008 4000 περὶτῶν
1023 3909 1175 3992 Φαινομέ-

72 4040 140 4081 νων
158 4015 348 4102 διαγῦρενσιν
361 4065 370 4081 .
382 4065 390 4081 .
403 4064 411 4082 .
425 4015 569 4085 Ἰωάννου
586 4023 641 4085 τοῦ
653 4022 763 4086 Λυδοῦ
775 4011 988 4100 ιιαθημερινὴν
1001 4036 1034 4079 ιι
1049 4011 1102 4077 sal
1115 4035 1176 4094 μη·

71 4121 179 4185 sulae
196 4118 414 4206 παροιήρησιν.
454 4120 492 4188 τοὶ
505 4120 539 4188 di
552 4127 607 4206 τῆς
619 4122 865 4207 γενεθλιαλογίας
879 4115 953 4185 ’ὅσον
967 4116 1001 4183 ὃν
1014 4121 1080 4192 τοῖς
1093 4115 1176 4199 slop-

70 4220 179 4305 μόνοις
192 4223 415 4311 παρέσπαρται,
437 4224 481 4304 dg
497 4220 652 4312 ἀπόβλητα
665 4231 723 4308 τῆς
734 4226 791 4291 soii
805 4226 885 4289 θεοῦ
898 4219 1054 4301 ἐκκλησίας
1065 4214 1090 4301 ἦ
1100 4214 1177 4299 ἠμ-

70 4323 146 4409 aios
172 4319 370 4410 demulserat
395 4330 539 4414 βασιλιίο.
581 4332 631 4392 eui
653 4332 753 4392 textui
777 4326 887 4389 adieoit
911 4326 1001 4385 nami
1022 4323 1177 4404 antiquam

117 4435 232 4491 roam
251 4436 347 4507 nan.
940 4420 971 4457 **
