2742 4642
185 316 235 392 34
598 319 771 392 lOANllls
794 319 896 390 LYDl

96 545 99 556 .
185 494 240 561 Διί
260 490 354 579 ἤγουν
383 488 461 583 ἡλίῳ
484 489 648 584 διέφερον,
681 486 891 578 πληνιλοάνιον
914 487 972 572 τδς
1001 487 1103 569 είδοδς
1123 494 1290 569 ταλοῶντες

66 587 71 604 ’
185 599 274 664 οἱονεί
288 597 521 683 πληροσέληνσν.
571 598 606 664 τδ
625 598 659 662 δὲ
669 603 731 662 τῶν
749 598 839 662 είδῶν
857 595 955 680 όνομα
972 595 1132 682 παρῶμέν
1145 604 1211 672 τοῖς
1226 622 1287 661 νιο-

185 708 309 778 λιτικοῖς
320 701 353 764 έν
368 707 424 765 τοῦ
437 701 536 778 εἴδους
549 707 604 784 τῆς
618 697 755 784 σελήνης,
781 699 867 787 παρὰ
881 701 915 766 δὲ
925 709 990 778 τοῖς
1000 699 1130 786 ἱερεῦσιν
1145 697 1205 788 tini
1219 704 1285 763 θυ-

185 807 255 881 σίας
271 800 385 890 τρόπου
409 800 585 890 εόρίσκσμεν
606 804 852 889 εἰσενηνεγριένον.
903 805 1092 886 [πεμπταίας
1107 802 1142 868 δί
1154 800 1176 885 ἢ
1190 798 1284 885 ἕβδο-

185 911 281 993 μαίας
295 905 350 983 τός
368 902 465 985 νῶνας
478 907 557 990 μετὰ
571 906 627 984 τάς
642 905 797 984 καλάνδας
811 903 984 993 ἐκήρυττον,
1006 905 1052 973 ότι
1066 903 1207 992 ἑκάτερος
1222 913 1315 979 τῶν5

186 1011 331 1097 άριδμῶν
356 1009 538 1088 οἰκειότατος
561 1020 625 1088 τοῖς
650 1012 760 1098 ηωσίν.
819 1009 880 1076 tini
904 1010 938 1075 bi
960 1015 1022 1076 τῶν
1039 1015 1142 1075 νωνῶν
1158 1010 1209 1072 καί
1225 1009 1286 1074 αό-

186 1123 248 1181 τῶν
260 1115 317 1191 ἕως
334 1120 395 1178 τῶν
413 1116 502 1180 εἰδῶν
515 1117 567 1179 καί
585 1113 686 1179 αιἰτῶν
697 1111 795 1196 μόνας
813 1112 898 1179 ίννέα
909 1112 1007 1196 μέσας
1022 1108 1287 1200 παρετηρήσαντο,

187 1217 233 1284 ὅτι
249 1213 431 1294 οίκειότατσς
450 1219 501 1283 καὶ
520 1216 681 1305 προσφυὴς
696 1214 713 1281 ό
730 1218 814 1283 ίννέα
831 1216 965 1304 ἀριθμός
983 1223 1022 1304 τῇ
1040 1214 1168 1302 σελήνῃ·
1194 1205 1287 1292 οότος

90 1350 120 1402 ρ.
135 1334 171 1390 37
188 1322 246 1408 γάρ
259 1318 367 1385 ἑαυτὸν
379 1319 554 1411 γεννᾷκατδ
561 1317 770 1407 Ξενοκράτην·
790 1318 932 1408 ἀόριστος
945 1319 1005 1408 γάρ
1018 1316 1286 1407 ἦάχριςέννεάδος

185 1423 336 1513 πρόβασις
357 1426 407 1487 καί
433 1421 544 1507 πλήθει
564 1421 712 1501 σάνοικος.
760 1422 816 1507 τὴν
837 1425 895 1507 μέν
919 1416 974 1491 οὖν
997 1426 1163 1508 νουμηνίαν
1180 1421 1284 1507 ἔλεγον
1293 1445 1330 1500 10

184 1525 354 1603 καλάνδας,
379 1526 435 1610 τὴν
453 1528 486 1592 δὲ
500 1526 644 1614 δευτέραν
665 1533 721 1593 τοῦ
741 1526 838 1611 μηνός
860 1526 920 1615 κρδ
941 1525 1098 1614 τεσσάρων
1117 1525 1139 1610 ἢ
1160 1525 1219 1612 πρό
1239 1526 1284 1604 ἕξ,
1339 1525 1342 1530 ’

185 1629 228 1708 ῶς
244 1630 370 1718 είρηται,
391 1637 505 1710 νωνῶν,
523 1630 579 1714 τὴν
591 1632 624 1696 δι’
638 1627 784 1717 τετάρτην
799 1630 858 1718 σρδ
873 1637 949 1714 μιᾶς
969 1637 1073 1695 νωνῶν
1088 1629 1140 1696 διά
1153 1629 1187 1695 τό
1203 1629 1284 1693 ciue-

185 1731 359 1823 φράζεσθαι
380 1733 436 1817 τὴν
450 1732 569 1813 δυάδα,
594 1734 650 1818 τὴν
665 1735 804 1818 πέμπτην
814 1731 928 1814 νῶνας,
953 1734 1009 1818 τὴν
1026 1735 1114 1818 έκτην
1125 1730 1185 1820 πρό
1201 1730 1284 1798 όκτιδ

184 1840 290 1917 είδῶν,
314 1836 370 1920 τὴν
392 1835 527 1923 ἑβδόμην
548 1836 607 1923 πρό
629 1834 707 1902 inab
727 1839 832 1917 εἰδῶν,
857 1836 913 1922 τὴν
933 1833 1043 1923 όγδόην
1059 1834 1118 1924 πρὸ
1134 1835 1169 1914 ’ἔξ
1182 1838 1283 1915 είόῶν,

184 1940 240 2024 τὴν
259 1937 385 2024 ίννάτην
406 1939 466 2027 νερδ
486 1941 571 2006 πέντε
585 1942 692 2018 είδῶν,
717 1939 773 2025 την
790 1937 919 2026 δεκάτην
936 1941 995 2026 πρό
1009 1937 1166 2027 τεσσάρων
1181 1941 1280 2019 είδῶν,
1291 1964 1327 2020 15

183 2044 240 2129 ,τὴν
260 2040 293 2109 ιά
314 2043 373 2131 ιιρδ
391 2049 483 2130 τριῶν
503 2046 608 2121 είδῶν,
632 2042 688 2127 τὴν
702 2041 744 2126 ιβ
756 2042 815 2131 νιρδ
829 2050 905 2127 μιιῖς
917 2046 1023 2123 είδῶν,
1047 2042 1104 2127 τὴν
1119 2036 1157 2129 ιγ’
1170 2039 1282 2120 είδοάς,

182 2146 239 2232 τὴν
265 2142 304 2211 ιδ
311 2193 323 2227 ,
349 2148 377 2213 sl
397 2148 454 2229 μὲν
472 2158 637 2230 πεμπταῖαι
660 2138 740 2230 ἦσαν
762 2146 795 2212 αἱ
813 2153 906 2213 νῶναι
923 2150 974 2213 καί
990 2143 1006 2212 δ
1024 2147 1087 2231 μην
1102 2144 1224 2232 ημερῶν
1239 2143 1282 2224 λ’,

181 2249 241 2339 τιρδ
255 2247 285 2333 eei
299 2253 459 2316 καλανδῶν
473 2258 527 2315 τοῦ
541 2247 677 2327 ἐπιόντος
691 2247 803 2335 μηνός,
827 2252 854 2316 εί
870 2251 905 2318 δὲ
919 2260 1084 2334 πεμπταῖοι
1096 2251 1153 2334 μὲν
1170 2248 1202 2314 αἱ
1217 2255 1282 2314 νῶ-

181 2380 233 2420 ναι
253 2356 304 2417 καί
324 2348 340 2417 ὃ
364 2352 426 2435 μὴν
447 2348 569 2439 ἡμερῶν
591 2349 649 2431 λά,
673 2352 735 2440 πρδ
759 2350 804 2418 ιδ’
826 2358 986 2420 καλανδῶν
1004 2349 1132 2437 ὁμοίιος·
1158 2354 1186 2419 εί
1199 2354 1232 2418 δέ
1247 2350 1282 2418 αἶ

182 2464 274 2522 νῶναι
288 2456 344 2538 μέν
359 2452 522 2539 ἕβδομαῖαι
536 2458 586 2520 καί
605 2452 696 2538 δμὴν
710 2452 750 2520 λά
768 2452 900 2543 ἦμερῶν,
923 2457 979 2542 την
998 2456 1095 2545 ιένιρδ
1111 2455 1147 2538 ιζ’
1163 2462 1326 2533 καλου-ω

182 2563 245 2624 δῶν
266 2555 387 2640 ὁμοίως.
438 2558 487 2623 lul
505 2558 538 2623 δέ
553 2565 609 2624 τοῦ
624 2561 837 2646 Φεβρουαρίου
851 2558 948 2642 μάνου
962 2560 1018 2646 τὴν
1035 2558 1075 2626 ιδ
1091 2560 1150 2648 πρό
1166 2557 1204 2636 ιςί
1220 2587 1280 2625 κα·

181 2664 301 2728 λανδῶν
315 2662 484 2748 Μαρτίων,
508 2664 559 2726 καί
581 2666 715 2744 καθεξῆς
733 2662 812 2728 καθ’
831 2659 984 2747 άαόβασιν
996 2670 1052 2730 τοῦ
1067 2663 1206 2751 ἀριθμοῦ
1216 2670 1280 2728 τῶν

181 2767 351 2831 καλανδῶν.
408 2760 497 2848 ἦνίκα
511 2766 545 2831 δέ
561 2763 600 2852 όν
622 2767 762 2848 βίσεξτον
778 2757 800 2853 ᾗ
807 2811 819 2846 ,
848 2765 903 2852 τὴν
917 2766 953 2833 κέ
966 2769 1018 2832 καί
1035 2765 1092 2851 τὴν
1106 2764 1152 2844 κς’
1167 2772 1207 2855 τῇ
1217 2763 1278 2853 σρδ

249 2905 318 2963 tsi
336 2901 367 2961 δδ
381 2936 417 2949 -
465 2906 484 2963 4
499 2905 733 2978 eleemesynam]
748 2906 802 2976 τὴν
813 2906 844 2964 tl
860 2910 1031 2979 μεαορηνίιιν
1046 2909 1142 2974 alluuie
1158 2905 1279 2964 ίκάλοον

250 2974 309 3061 niul
330 2976 382 3112 τρῦ
403 2975 497 3099 stivave
518 2978 570 3048 τῆς
585 2977 714 3047 σελήνης,
731 2972 749 3048 ἢ
766 2974 825 3034 α’κδ
848 2981 954 3043 θυσίας
969 2977 1061 3051 τινός,
1076 2975 1139 3051 ἥτις
1156 2979 1279 3043 eiluein

191 3073 194 3084 ·
250 3064 347 3116 ονομα
363 3063 418 3101 ese.
460 3083 470 3102 .
1046 3101 1049 3110 .

179 3165 305 3221 nilnninn
317 3167 380 3223 Idus
392 3172 529 3223 voeantes.
548 3166 641 3223 iduum
654 3173 741 3223 anum
753 3185 848 3225 nonni
862 3169 933 3242 apud
947 3167 1069 3242 politicos
1082 3189 1116 3226 ex
1131 3168 1222 3242 speeie
1233 3167 1277 3223 lu·

180 3253 240 3302 nae,
253 3239 322 3306 upud
334 3240 485 3292 sacerdotes
501 3245 588 3292 antem
602 3256 619 3292 a
632 3239 758 3292 sacrificii
770 3258 869 3308 genere
883 3242 1028 3312 reperimus
1047 3242 1075 3294 in
1096 3240 1210 3310 linguan
1232 3239 1276 3292 in-

179 3306 295 3358 ductum.
311 3305 449 3376 quintanae
465 3317 551 3362 sutem
567 3306 610 3360 vel
624 3309 785 3377 septimanas
800 3311 891 3363 Neues
905 3319 967 3379 pust
978 3311 1112 3364 Kalendae
1127 3308 1278 3379 promulga-

179 3375 253 3436 bent,
267 3375 388 3443 quoniam
401 3385 512 3445 uterque
524 3393 646 3429 numerus
659 3378 810 3446 aptissimus
823 3387 866 3431 est
876 3377 1027 3432 luminibus.
1062 3381 1096 3434 ab
1108 3379 1175 3448 ipsis
1188 3388 1277 3432 autem

179 3443 266 3495 Nouis
286 3460 369 3512 usque
388 3444 423 3496 ad
436 3443 509 3514 ipsse
524 3446 587 3498 ldns
602 3463 696 3498 novem
712 3445 783 3498 solos
798 3447 898 3501 medios
913 3448 970 3503 dies
985 3448 1192 3518 interponebant
1204 3448 1277 3515 iden,

179 3512 251 3581 quud
262 3512 412 3580 aptissimus
426 3523 454 3565 et
466 3523 560 3568 namra
571 3514 725 3567 coniunctus
738 3532 860 3568 numerus
873 3518 1031 3572 novenarius
1043 3517 1135 3571 lantes
1149 3516 1193 3570 bie
1206 3517 1276 3569 enin

179 3596 210 3634 se
222 3580 282 3649 ipse
294 3579 389 3649 giguit,
402 3590 433 3634 nt
444 3583 549 3636 videtur
562 3583 720 3647 Xenocrati3
734 3585 838 3637 infinita
850 3586 920 3638 enin
933 3595 1071 3655 estusque
1084 3588 1119 3640 ed
1132 3587 1277 3640 enneadetu

179 3650 331 3718 progressio
345 3659 373 3704 et
385 3650 544 3705 multitudini
555 3652 703 3706 coniuncta.
720 3652 887 3707 interlunium
904 3654 986 3725 igitur
997 3656 1122 3710 ‹lieebsut
1132 3654 1277 3722 Kalendas,

177 3720 320 3772 secundum
334 3729 420 3773 auten
434 3721 529 3774 nensis
542 3721 611 3776 dien
625 3739 651 3776 a.
665 3723 684 3776 4
696 3722 739 3775 vel
755 3741 781 3776 a.
795 3721 822 3791 6,
837 3732 868 3776 nt
881 3724 979 3778 dietum
992 3733 1049 3792 est,
1064 3725 1173 3788 Nonaea
1194 3741 1276 3794 quer-

178 3794 233 3841 τοττι
248 3787 335 3858 pridie
344 3790 444 3857 Nonas,
460 3797 602 3860 propterea
617 3793 688 3860 qnod
703 3792 808 3845 nefasta
822 3792 968 3847 habebatur
983 3795 1069 3861 dyas3
1083 3794 1203 3864 quintum
1215 3794 1276 3848 No-

179 3874 237 3922 nas,
253 3867 356 3911 sextum
372 3875 398 3911 a.
414 3859 432 3912 8
446 3860 526 3928 idus,
549 3877 578 3912 se
597 3860 687 3915 dmum
703 3879 729 3914 a.
746 3862 764 3915 7
779 3861 856 3928 idus,
873 3872 994 3916 octavum
1008 3881 1034 3917 a.
1051 3863 1162 3929 bidus,
1179 3879 1276 3916 nonum

179 3945 205 3980 a.
220 3928 236 3981 5
250 3928 327 3990 ldae,
344 3927 471 3981 decinam
485 3946 511 3981 a.
524 3928 542 3982 4
557 3929 571 3981 1
589 3947 634 3996 us,
650 3929 814 3983 undecimum
828 3947 854 3983 a.
870 3932 975 3999 aldus,
992 3934 1173 3986 duodecimum
1206 3932 1277 3985 n‘die

178 3997 251 4063 Idus,
264 3995 371 4050 tertium
383 3996 513 4065 deeimun
524 3998 603 4064 Idus3
616 4010 737 4068 quartum
749 3999 886 4068 deeinutu,
898 4000 923 4055 si
934 4002 1076 4071 quintanas
1089 4011 1166 4056 erant
1198 4018 1276 4068 enee,

178 4073 206 4120 et
223 4067 319 4119 mensis
334 4066 435 4120 dierum
447 4065 567 4137 ungine,
585 4085 610 4122 a.
629 4069 662 4122 18
674 4069 807 4123 Kalendas
822 4069 919 4124 mensis
933 4071 1079 4142 sequentis,
1094 4072 1118 4124 si
1131 4071 1277 4140 quintanae

176 4133 271 4186 Nonae
285 4144 314 4188 et
324 4135 422 4189 mensis
434 4135 536 4191 dierum
547 4137 657 4206 triginta
670 4139 757 4203 unius,
770 4157 796 4193 a.
815 4140 848 4192 19
860 4139 993 4196 Kalendas
1000 4141 1136 4206 similiter3
1149 4139 1275 4196 aientem

176 4201 271 4255 Νοιιιιο
285 4205 448 4273 septimanae
462 4213 490 4259 et
503 4208 600 4260 mensis
615 4207 726 4276 uiginta
739 4208 849 4273 dierum,
865 4210 935 4263 diem
951 4213 983 4264 15
999 4229 1025 4264 a.
1041 4213 1074 4264 17
1086 4209 1219 4263 llaleudns
1235 4208 1274 4262 si-

176 4269 282 4324 militer.
325 4276 352 4326 in
372 4274 428 4328 solu
451 4283 538 4329 auten
556 4277 705 4331 Februario
723 4279 793 4332 dien
810 4277 843 4331 14
856 4296 882 4331 a.
901 4279 934 4332 16
947 4279 1081 4333 Kalendas
1093 4279 1222 4344 Martius,
1246 4289 1276 4330 et

175 4338 317 4410 δτὶοουρτ,
333 4342 507 4400 diminuentes
527 4345 629 4401 diem
646 4356 711 4403 aute
732 4347 865 4404 Kalendes
883 4363 1028 4403 menn.
1062 4348 1168 4418 quaudo
1187 4357 1276 4401 auten
