2742 4642
150 326 239 378 mo
367 272 372 289 ’
486 306 600 378 msn
622 308 681 377 on
705 307 916 379 ossuum

150 520 182 569 et
190 510 283 570 altero
289 506 385 589 Regio
395 510 475 575 1991
486 508 539 569 iol.
552 512 592 575 17
598 507 740 576 mot
749 530 846 571 verso:
861 506 944 570 huno
952 509 1107 572 nominavi
1115 512 1194 594 ng.
1202 514 1248 577 B.

151 649 316 714 eorumque
342 627 480 691 oodioum
504 631 641 690 omnium
668 630 820 693 variantes
847 630 958 714 purtim
985 632 1112 714 opposui
1133 634 1166 693 in
1185 652 1250 712 ora,

150 754 279 833 purtim,
310 770 351 811 ue
382 751 474 811 nimis
501 749 561 812 iste
583 752 770 833 oppleretur,
801 754 892 816 reieoi
910 753 945 815 in
964 763 1052 815 notus
1072 749 1113 812 ad
1135 752 1251 812 osloesu

151 882 265 933 toxius.

113 997 135 1060 8
238 992 294 1051 ills
316 989 411 1071 igitur
432 989 554 1050 auxiliis
575 984 695 1052 adiutus
718 987 790 1052 dedi
802 1011 934 1075 operam
949 992 1048 1053 textui
1065 988 1250 1051 reoeusendo

150 1111 389 1195 lectionibusque
414 1107 593 1191 colligendis
621 1109 835 1191 eruendendis,
868 1111 1038 1174 reiioiendis
1060 1112 1152 1172 etiam
1172 1129 1250 1193 quus

151 1232 317 1312 oportebat.
358 1233 602 1313 generatimque,
634 1231 757 1315 quondo
781 1233 940 1316 utrobique
969 1235 1099 1294 rationes
1123 1230 1251 1292 aderant

151 1368 249 1433 seque
262 1352 443 1431 probabiles,
463 1351 563 1433 potius
578 1350 618 1412 ud
631 1348 698 1412 ood.
712 1353 862 1414 Caseolini
874 1363 908 1413 ut
922 1355 1099 1436 antiquioris
1110 1370 1252 1411 normam

151 1468 251 1529 direxi
263 1467 438 1533 editionem.
465 1476 507 1537 osi
517 1482 620 1533 tomen
635 1470 837 1553 euphonioum
849 1474 913 1535 sire
925 1466 1149 1553 tomensis,
1167 1470 1251 1555 quod

115 1612 119 1617 ’
151 1608 308 1671 nunquam
326 1593 380 1651 ille
399 1608 462 1654 nou
482 1590 591 1669 hebet,
613 1596 792 1658 ελανιουσιν
806 1617 880 1677 την,
899 1612 994 1657 suero
1006 1613 1084 1667 τοις,
1106 1589 1250 1673 quodque

152 1710 313 1789 antiquitus
332 1712 464 1791 ponebat
481 1713 593 1795 ubique
613 1711 678 1793 (tot
700 1732 736 1774 ee
756 1714 879 1773 fuerumt
898 1733 976 1797 quae
995 1712 1182 1794 grammatici
1198 1711 1251 1770 iu-

150 1830 267 1906 niores,
288 1848 416 1891 usumne
430 1835 526 1894 seouti
538 1833 640 1893 neseio
655 1850 696 1892 an
710 1832 852 1909 ebusum,
874 1829 1108 1912 immutarunt),
1127 1850 1167 1890 ne
1182 1831 1251 1889 eui-

149 1948 372 2028 piamfestidio
393 1972 506 2031 essem,
527 1953 561 2011 in
580 1953 705 2014 sonibus
722 1972 784 2012 nou
804 1950 957 2013 hiantibus
973 1953 1092 2013 sustuli.
1133 1969 1194 2033 quo
1210 1947 1250 2008 de

49 2084 79 2138 p·
95 2084 134 2123 xv
151 2088 183 2129 re
210 2069 322 2145 videris
352 2090 430 2155 quae
456 2073 504 2134 vir
524 2074 663 2153 egregius
684 2069 900 2154 ubundsnsque
924 2070 1058 2132 doctrine
1080 2069 1250 2131 Friderious

150 2192 254 2253 Iuoobs
282 2194 379 2252 multu
407 2194 583 2274 exsequitur
607 2192 817 2271 Prolegomen.
848 2190 888 2251 ud
916 2190 989 2252 edit.
1018 2189 1147 2253 Achillis
1164 2190 1248 2250 Tatii

150 2331 182 2392 p.
195 2331 267 2372 xov.
311 2296 443 2392 sopitum
457 2310 680 2371 distinotiouem
695 2330 774 2370 ume
786 2312 897 2370 factam
918 2309 972 2392 (in
988 2306 1055 2369 ood.
1072 2317 1173 2371 omnis
1187 2328 1249 2369 uno

151 2441 183 2489 et
196 2420 340 2509 perpetuo
353 2441 457 2490 tenore
468 2426 671 2510 peraguntur)
692 2448 780 2509 spero
793 2431 859 2490 fore
871 2442 906 2491 ut
917 2429 1023 2511 probet
1035 2431 1139 2490 leotor.
1166 2425 1250 2511 quod

151 2548 191 2609 ed
207 2552 377 2610 versionem
391 2550 512 2627 attinet,
534 2548 656 2611 omniuo
670 2545 748 2608 liaeo
762 2547 822 2609 duo
839 2550 925 2611 volui
935 2551 1094 2631 oonseqoi‚
1115 2550 1250 2629 primum

152 2669 190 2729 ab
207 2656 352 2746 eustorio,
372 2688 434 2729 non
446 2671 490 2728 ltu
501 2669 665 2745 luculenti,
689 2670 837 2728 sententia
849 2677 885 2729 ut
895 2688 936 2728 ne
950 2670 1115 2743 oberraret3
1138 2663 1250 2725 deinde

151 2798 187 2847 ut
199 2785 345 2869 loquendi
359 2807 479 2847 morem
490 2788 641 2847 suboleret
653 2808 758 2849 eorum
769 2790 824 2871 qui
839 2787 877 2848 de
888 2790 1039 2850 veteribus
1051 2808 1142 2868 super
1155 2787 1248 2847 simili

153 2917 331 2989 argumento
349 2911 458 2989 scriptu
469 2909 576 2968 Lutiue
589 2908 784 2990 reliquerunt.
827 2920 1008 2992 quopropter
1020 2928 1089 2969 eum
1106 2909 1165 2968 alie
1181 2908 1250 2968 loos

151 3031 283 3110 passim,
304 3039 370 3089 tum
386 3030 520 3088 menime
534 3028 680 3089 formulus
694 3029 834 3091 solennes
848 3031 947 3091 verbis
963 3030 1034 3090 Iulii
1049 3029 1250 3109 obsequentis

152 3147 273 3208 reddidi
293 3150 377 3208 illius
398 3149 450 3229 qui
465 3147 603 3207 libellum
621 3150 667 3207 lle
685 3148 831 3231 prodigiis
847 3151 1030 3231 composuit,
1055 3167 1164 3228 genere
1178 3166 1251 3206 oru-

153 3270 243 3328 tionis
263 3289 335 3329 usus
356 3270 429 3328 sutis
447 3270 557 3328 Lotino
579 3279 610 3327 et
625 3270 721 3351 probo
743 3248 899 3352 (Romani
917 3273 976 3330 orio
996 3269 1145 3328 hommem
1161 3275 1248 3326 voout

151 3385 294 3449 Borthius
309 3387 349 3448 od
363 3390 451 3450 stetit
465 3386 617 3448 Thebaid.
631 3388 652 3453 5
672 3386 748 3469 86),
771 3388 825 3450 sed
843 3391 942 3451 verbis
958 3400 1059 3450 tumen
1072 3387 1164 3468 poulo
1179 3404 1249 3444 ma-

153 3511 199 3589 gis
213 3511 319 3590 priscis
332 3511 528 3571 interstincto.
571 3508 690 3569 claudii
701 3511 795 3570 Tnsoi
809 3510 1019 3571 calendarium
1033 3519 1151 3568 vertens
1164 3492 1249 3566 oom'-

152 3630 240 3710 pluro
260 3649 327 3689 sum
348 3648 389 3690 ex
405 3631 552 3690 latinitate
567 3631 672 3689 monii
686 3631 871 3690 columellae
883 3639 1051 3703 mutuatus,
1073 3646 1164 3708 quem
1179 3627 1249 3683 exi-

152 3752 243 3810 stimo
261 3750 312 3810 vel
331 3770 372 3809 ex
390 3752 457 3832 ipso
477 3752 578 3811 Tusoo
601 3748 652 3810 vel
676 3768 718 3807 ex
739 3747 847 3809 eodem
861 3750 944 3809 fonte
961 3767 1021 3829 quo
1035 3749 1088 3806 ills
1102 3745 1248 3821 hausisse,

151 3869 229 3931 libro
256 3868 418 3931 undecimo
445 3872 631 3953 praesertim.
674 3888 716 3930 ex
737 3866 921 3929 calendariis
942 3871 1015 3928 item
1036 3866 1197 3939 Romanis,
1229 3883 1248 3921 a

151 3991 260 4052 Iuoobo
274 3990 447 4069 Mazoohio,
468 3988 548 4051 Aldo
562 3991 708 4069 bisuntio,
729 3989 836 4049 (lumlo
852 3988 985 4067 sigonio,
1005 3984 1158 4066 Ruphaele
1174 3984 1248 4065 cyl-

39 4137 66 4189 p.
85 4130 136 4170 svs
153 4112 251 4189 lenio,
273 4114 417 4188 Grutero,
439 4109 607 4171 Blenobino
626 4109 729 4186 editis,
751 4107 833 4192 quod
852 4108 996 4168 nonnulle
1010 4105 1151 4165 videntur
1163 4104 1215 4163 vel
1229 4121 1248 4160 e

151 4241 253 4292 nostro
265 4228 384 4291 Claudii
396 4233 491 4292 Tusoi
503 4232 554 4293 vel
567 4228 704 4291 indidem
716 4248 777 4314 quo
791 4226 869 4290 illud
880 4246 1028 4303 manasse,
1050 4245 1154 4287 eormn
1170 4242 1249 4306 quo-
