2742 4642
175 288 227 364 40
357 319 361 322 ·
573 287 876 360 manuisum

176 456 320 548 (πάτριος
348 458 383 528 δέ
407 456 587 545 Ῥωμαίοις,
618 460 662 541 ῶς
682 486 777 550 φασι,
797 457 887 545 θεός)
908 456 994 546 παρὰ
1013 453 1291 525 πεντεκαιδέκατον

175 564 314 631 ἐνιαυτὸν
336 563 541 631 ἀνανεοῦσθαι
563 562 617 630 τόν
634 562 763 632 κόκλον·
777 561 808 651 ἢ
830 564 890 652 γὰρ
908 564 1007 630 τελεία
1030 557 1291 637 ἀποκατάστασις

170 666 275 756 Ἄρεος
298 670 390 751 διχῶς
409 663 697 757 παραφυλάπεται,
722 668 819 758 μικρὰ
840 668 898 752 μὲν
919 666 1142 742 πεντεκαίδεκα,
1160 660 1288 748 μεγάλη

176 774 209 838 δέ
224 769 434 855 ἐβδομήκοντα
447 765 541 838 ἐννέα.
593 767 639 840 ὅτι
653 773 687 840 δέ
700 769 829 861 πάτριον
839 769 937 859 ἀρχὴν
952 769 1092 834 ἐνιαυτοῦ
1108 767 1162 834 τὸν
1178 763 1298 852 Mdv-¹

170 901 240 953 ,stov
263 874 291 939 oi
307 870 453 955 Ῥωμαῖοι
476 874 668 962 παρέλαβον,
696 878 789 960 δῆλον
807 878 858 940 καὶ
879 872 939 939 ἀπό
961 877 1018 937 τοῦ
1042 870 1099 948 τὰς
1117 869 1315 957 λεγομένας5

176 978 253 1064 παρ’
279 976 382 1054 αάτοῖς
403 974 584 1067 ματρῶνας,
617 979 754 1046 τουτέστι
783 977 839 1057 τὰς
866 976 1034 1063 ιάγενίδσς,
1065 974 1139 1052 τοδς
1161 972 1288 1050 οἰκέτας

176 1078 296 1159 ἑστιῶν,
315 1078 465 1167 >καθοίπερ
488 1081 519 1146 ἐν
540 1091 604 1160 τοῖς
630 1084 775 1168 Κρονίοις
795 1083 880 1148 τουτὶ
899 1076 1042 1167 πράττειν
1057 1075 1132 1155 {tog
1150 1067 1188 1162 ἦν
1208 1075 1288 1153 τοὺς

177 1184 390 1268 κεκτημένους·
417 1174 460 1250 ῶν
475 1183 508 1249 αἱ
524 1186 582 1268 μὲν
596 1185 639 1250 δι’
657 1184 763 1273 Ἄρεος
784 1184 875 1269 τιμὴν
896 1179 1073 1249 δουλεύουσι
1091 1190 1155 1258 τοῖς
1172 1178 1287 1267 ἀρρεσι

176 1293 238 1354 τῶν
255 1290 388 1366 οίκιτῶν,
408 1287 460 1352 διὰ
477 1285 533 1372 τὴν
544 1281 700 1375 κρείττονα
720 1287 822 1376 ηόσιν,
848 1287 878 1353 oi
896 1287 929 1353 δέ
943 1282 1165 1372 (ἀποτρόπαιον
1178 1282 1285 1368 ῶσπερ

175 1391 343 1475 θεραπείαν
358 1386 525 1475 εἰσάγοντες
539 1398 584 1480 τῷ
594 1388 722 1481 Κρόνῳ)
745 1402 809 1472 τοῖς
830 1388 947 1457 ἑαυτῶν
970 1386 1092 1466 δοόλοις
1109 1384 1283 1466 ἐδοόλευον,
1293 1404 1333 1460 ιο

176 1492 259 1570 ὅπως
279 1491 323 1577 μὴ
346 1502 414 1570 ταῖς
433 1492 594 1576 ἀληθείαις
611 1493 776 1581 νεμεσητόν
795 1520 824 1564 τι
838 1491 992 1572 παθόντες
1009 1495 1052 1572 τίς
1067 1492 1207 1559 δουλείαν
1222 1513 1286 1558 πο·

176 1598 287 1679 λιμίων
302 1595 534 1684 antoninorum]

284 1697 341 1768 16.
393 1701 565 1785 ἐπινέμησιν
579 1702 614 1769 δὲ
631 1700 876 1786 αάτὴνἛλληνες
890 1700 925 1765 ἐκ
938 1704 994 1766 τοῦ
1010 1693 1192 1786 πράγματος
1203 1691 1285 1761 ῶνό-

177 1821 297 1886 μαοαν·
314 1802 377 1868 ἐπεὶ
390 1802 449 1890 γὰρ
464 1809 557 1894 Ζογρῑ
565 1802 722 1890 γενόμενος
736 1802 753 1869 ὁ
770 1804 856 1890 ἣλιος
870 1805 1001 1870 δείκνυσι
1017 1801 1073 1884 την
1085 1806 1146 1867 τῶν
1158 1804 1285 1887 καρπῶν

177 1905 334 1989 ποιότητα,
353 1905 423 1972 κατ’
443 1906 539 1992 αάτὴν
554 1909 589 1974 δέ
602 1906 833 1998 φιλανθρώπως
848 1906 877 1973 oi
893 1905 990 1972 πάλαι
1002 1906 1076 1982 τοὺς
1090 1901 1206 1993 φόρους
1218 1912 1284 1980 τοῖς
1293 1911 1331 1969 16

86 2047 89 2052 ·
176 2007 322 2093 ὑπηκόοις
341 2009 501 2095 ἐπένεμον,
527 2007 570 2088 ῶς
586 2013 631 2095 μὴ
647 2012 733 2100 παρὰ
748 2012 805 2095 τὴν
814 2007 931 2078 τούτων
946 2010 1080 2076 ἐπίδοσιν
1094 2007 1214 2090 ἀσεβῶς
1226 2009 1284 2071 δο-

81 2143 112 2199 p.
127 2123 164 2184 44
180 2123 259 2179 κοῖεν
273 2110 477 2199 βαρόνεσθαι,
497 2115 590 2199 τυχὸν
604 2113 640 2181 οὐ
657 2111 924 2203 φορολογοόμενοι,
941 2109 1063 2189 εέκότιος
1076 2110 1171 2196 αάτὴν
1184 2108 1285 2175 ἐπινέ-

177 2242 288 2301 μησιν,
314 2214 403 2281 οἱονεί
424 2216 572 2303 διανομήν
585 2244 653 2284 τινα
671 2224 733 2284 τῶν
750 2220 887 2302 δασμῶν,
914 2213 1069 2283 ἐκάλεσαν.
1120 2213 1157 2281 osi
1171 2204 1285 2302 μιλρῆν

180 2319 278 2395 οὕτως
301 2316 502 2404 ἀδυσῶιιητος
522 2317 542 2406 ἡ
561 2327 623 2387 τῶν
643 2318 750 2410 φόρων
773 2320 946 2407 εἷ’σπραξις,
972 2317 1044 2385 οὔδ’
1068 2312 1220 2405 ῶρισμένη
1237 2341 1285 2395 τις

180 2421 199 2505 ἢ
220 2426 338 2505 μᾶλλον
358 2421 508 2506 αὐξομένη
528 2425 608 2490 κατὰ
628 2419 757 2512 μικρόν,
788 2421 869 2489 ἀλλά
898 2423 977 2510 πρός
1002 2421 1037 2489 τό
1056 2423 1206 2510 χρειῶδες
1222 2426 1332 2492 τῶν»)

180 2521 412 2594 ἀνακυπτόντοιν
432 2535 497 2604 τοῖς
516 2533 679 2616 κρατοῦσιν
703 2529 823 2614 ἐγίνετο.
887 2524 984 2615 ταύτῃ
1014 2527 1066 2592 καὶ
1094 2521 1293 2611 ἐπιτάγματα

248 2737 267 2791 8
283 2733 386 2805 μεγάλη
402 2736 567 2791 Roetberusz
585 2739 663 2810 vulgo
680 2735 760 2807 μέση.
880 2691 924 2822 'li
943 2732 1022 2803 &aas
1037 2735 1147 2820 Hosius,
1161 2729 1231 2818 ὅπερ
1247 2734 1283 2788 V.
1303 2767 1306 2770 -

251 2805 285 2861 14
302 2800 372 2877 ἐπεὶ]
391 2805 471 2878 vulgo
487 2802 542 2862 ἐπλ.
653 2809 688 2865 17
705 2804 751 2878 oi]
776 2806 804 2864 oi
821 2807 931 2864 Huius.
1034 2809 1070 2863 21
1087 2801 1196 2877 ἐγενετο
1212 2804 1283 2860 libra.

181 2999 269 3047 autem
282 2991 326 3047 bic
339 2993 480 3062 Romanis,
505 2999 535 3049 ut
550 2994 654 3065 dieunt,
678 2997 757 3064 deus)
781 2995 987 3068 quintodecimo
1003 3010 1109 3067 quoque
1122 3010 1191 3048 anno
1204 3009 1283 3046 rano·

183 3081 247 3115 vare
261 3066 360 3117 orbem.
396 3066 517 3135 perfecta
530 3067 598 3119 enim
613 3066 748 3120 restitutio
756 3067 852 3120 Martis
866 3067 1008 3136 dupliciter
1021 3067 1188 3131 observamur,
1201 3062 1285 3115 minor

184 3132 348 3200 quindecim,
370 3135 454 3187 maior
469 3143 556 3187 autem
568 3135 737 3204 septuaginta
749 3154 844 3190 novem
858 3136 1030 3202 (annorum).
1064 3132 1180 3204 patrium
1199 3139 1285 3186 autom

184 3202 247 3253 unni
268 3200 370 3255 initium
391 3201 516 3256 Martium
539 3221 556 3257 a
574 3205 700 3258 Romanis
717 3215 852 3276 acceptum
866 3205 949 3260 fuisse
962 3204 1024 3259 indo
1044 3219 1150 3273 quoque
1166 3209 1285 3273 apparet,

183 3271 256 3350 quod
266 3278 415 3350 matronae,
430 3288 499 3342 quae
514 3274 583 3343 apud
602 3291 648 3326 eos
661 3273 817 3327 dicebantur
830 3274 872 3340 (id
887 3284 930 3327 est
941 3273 1055 3327 semime
1070 3273 1213 3341 ingenuae)
1227 3287 1284 3324 ser·

185 3355 226 3390 vis
246 3349 344 3391 victum
363 3342 545 3408 praebebant,
564 3344 779 3410 quemadmodum
798 3342 826 3395 in
843 3342 1026 3397 Saturnalibus
1046 3341 1115 3396 idem
1132 3341 1221 3394 iacere
1236 3341 1285 3393 do·

185 3406 248 3460 mini
261 3419 471 3490 eonsueverant3
497 3427 530 3462 ex
549 3410 644 3479 quibus
659 3411 767 3494 illaein
780 3409 875 3494 Martis
891 3412 1016 3465 honorem
1026 3411 1151 3494 vtrieribus
1167 3408 1286 3462 serviunt

185 3480 822 3614 tiabit‘btmbtffltbtt:”tsstb
831 3478 1195 3616 Pstistbtutsstitziff
1209 3494 1285 3600 21⁰5}

185 3632 216 3667 re
230 3631 303 3678 vera,
319 3623 456 3684 postquam
462 3615 561 3685 aliquid
577 3619 647 3696 quod
660 3627 734 3673 esset
746 3619 948 3689 vituperandum
960 3617 1111 3687 accidisset,
1121 3618 1154 3671 ab
1169 3615 1285 3670 hostibus

184 3683 214 3737 in
228 3684 384 3740 servitutem
399 3685 593 3754 redigerentur.

256 3754 299 3807 16.
333 3749 514 3822 Ἐπινὲμησιν
533 3764 620 3808 autem
637 3774 695 3810 eam
711 3755 812 3810 Graeci
828 3756 862 3811 ab
880 3775 913 3811 eo
931 3756 1002 3827 quod
1022 3772 1067 3809 res
1084 3760 1126 3808 est
1146 3754 1284 3807 voeabant.

185 3822 214 3880 in
228 3820 297 3878 libra
311 3822 379 3876 enim
393 3839 452 3876 cum
464 3823 504 3876 sol
518 3833 569 3891 est,
583 3826 687 3893 {rugum
704 3825 884 3880 condicionem
896 3825 1038 3895 significat,
1055 3824 1198 3878 seeundum
1213 3838 1287 3891 quam

186 3891 335 3946 humaniter
351 3899 458 3946 veteres
475 3893 576 3947 tributa
591 3895 718 3949 subiectis
737 3894 879 3965 (civibus)
897 3891 1030 3962 ἐπένεμον
1048 3893 1081 3959 (ἰ.
1100 3912 1127 3946 ο.
1145 3891 1285 3946 distribue·

185 3962 281 4030 bant),
295 3969 372 4015 utne
385 3977 467 4030 supra
480 3979 569 4016 aarum
582 3963 770 4018 incrementum
787 3966 863 4019 modo
879 3964 981 4017 nefario
998 3962 1153 4016 viderentur
1167 3978 1213 4014 eos
1226 3977 1285 4030 pre·

190 4047 270 4099 more,
284 4039 384 4085 temero
396 4030 498 4085 tributa
510 4030 657 4100 exigentes.
685 4033 779 4086 merito
795 4033 877 4103 igitur
890 4052 948 4087 eam
960 4028 1129 4101 ἐπινέμησιν,
1143 4030 1219 4101 quasi
1233 4028 1287 4082 dis-

188 4099 359 4155 tributionem
375 4099 488 4172 aliquam
505 4100 682 4170 vestigaiium,
701 4104 847 4157 vocabant:
870 4119 923 4156 non
946 4102 1015 4156 enim
1037 4109 1096 4155 orat
1110 4102 1177 4155 adeo
1195 4099 1287 4152 acerba

191 4168 357 4236 vectigalium
378 4172 498 4238 exactio,
515 4187 601 4240 neque
620 4178 678 4225 erat
694 4172 797 4226 exactio
815 4171 901 4241 aiiqua
919 4177 990 4226 stata
1022 4169 1065 4224 vei
1083 4187 1151 4239 quae
1167 4167 1287 4237 paulatim

190 4247 340 4304 angeretur,
358 4240 407 4293 sed
422 4240 454 4294 ad
470 4240 645 4295 necessarium
660 4258 733 4295 usum
748 4241 936 4310 emergentium
949 4242 983 4294 ab
996 4211 1186 4308 imperantibus
1200 4237 1287 4290 fiebat.

191 4306 358 4376 quamobrem
376 4307 455 4363 stiam
472 4305 645 4380 ἐπιτάγματα
668 4311 706 4379 (i.
725 4329 750 4366 e.
770 4310 918 4382 imperata)
940 4308 1081 4379 vectigalia
1100 4325 1169 4363 nuuc
1188 4322 1288 4377 quoque
