2742 4642
449 315 508 385 DE
533 315 743 386 MENSIBUS
761 315 819 389 ΠΙ.
1135 318 1186 393 43

185 490 247 577 25.
299 484 366 572 [ότι
387 485 472 574 ἀγδν
489 492 541 555 καὶ
560 491 674 580 ἀγωνία
693 487 710 557 ό
723 489 817 569 τόπος
831 491 948 577 λέγεται
961 489 1015 556 διά
1028 489 1064 556 ab
1076 498 1188 559 κυκλο-

71 595 183 682 τερές,
209 594 295 682 παρὰ
316 591 352 657 ιδ
372 593 417 675 μὴ
443 591 521 676 έχειν
539 596 667 680 γωνίαν,
689 586 727 679 ἧς
741 599 785 673 είς
796 593 890 660 τόπον
906 596 957 659 καὶ
975 595 1119 684 στέφανοι
1133 623 1189 661 κο·

71 704 234 786 κλοτερεῖς
252 705 317 773 τοίς
337 702 460 761 νικῶσιν
478 697 661 764 έπετίθεντο.
712 697 743 763 oi
764 699 799 764 δέ
819 708 901 786 τρεῖς
914 698 1013 781 ὀβελοὶ
1030 699 1086 782 τὴν
1102 700 1189 786 τρίσ-

72 827 187 885 τοιχον
208 799 302 890 φύσιν
325 801 485 881 δηλοῦσιν,
508 799 623 879 ὕδατος
642 800 741 889 παρδς
758 808 832 887 γῆς·
859 800 911 866 ἐπ’
936 800 1036 866 αὐτῶν
1056 802 1116 889 γὰρ
1138 805 1190 868 καί

48 923 66 977 5
72 904 187 989 μόνων
201 902 218 970 ό
232 901 370 978 θάνατος
381 901 438 986 τὴν
450 903 597 991 ένέργειαν
613 904 682 989 ἔχει.
709 903 784 970 ὅθεν
797 906 848 970 καὶ
862 901 1043 992 τρικάρηνον
1057 901 1073 970 ό
1086 913 1191 988 μῦθος

73 1011 195 1078 δίδωσι
215 1013 259 1096 τῷ
272 1003 436 1070 Πλοότωνι
449 1004 526 1071 κόνα
534 1056 545 1086 ,
566 1007 631 1073 ἀντὶ
644 1015 700 1074 τοῦ
716 1010 903 1096 τρίστοιχοι·
930 1003 1020 1095 όγδρ
1036 1006 1096 1094 ἀὴρ
1114 1011 1190 1088 ζωο-

72 1110 173 1190 ποιός
194 1111 269 1178 έστι.
329 1108 382 1174 διὰ
398 1115 461 1175 τῶν
481 1110 596 1192 ὀβελῶν
615 1104 669 1176 σόν
688 1114 834 1194 δηλοῦται
861 1107 903 1188 ὡς
922 1111 1001 1198 πρὸς
1019 1112 1110 1196 τιμὴν
1129 1118 1191 1178 τῶν

72 1211 162 1305 {wip
176 1216 324 1299 πατρίδος
334 1211 591 1296 ἀποθνησκόντων
604 1214 659 1297 τὴν
674 1213 805 1299 ἀγωνίαν
819 1216 995 1294 ἐπετέλουν]

190 1317 250 1385 26.
303 1313 360 1396 [ότι
377 1314 406 1380 oi
424 1317 481 1399 μέν
496 1314 613 1404 ροόσιοι
621 1316 709 1405 Ἄρεϊ
721 1318 886 1397 ἀνέκειντο,
912 1316 941 1383 οἶ
954 1318 988 1382 δέ
1003 1319 1103 1382 λευκοὶ
1120 1317 1187 1397 Διί,

33 1439 69 1490 10
78 1420 111 1486 oi
131 1422 166 1486 δι’
179 1417 506 1508 πρόσινοιἈφροδίιη,
523 1419 552 1485 oi
569 1421 604 1487 δέ
614 1423 730 1505 βένετοι
743 1418 855 1509 Κρόνῳ
871 1419 1084 1505 inoccatum.
1103 1422 1190 1503 βίνε-

76 1550 133 1591 τοι
155 1524 190 1589 δὲ
211 1520 389 1606 ἐκλήθησαν
408 1522 468 1588 ἀπὸ
491 1530 553 1590 τῶν
580 1526 649 1612 περὶ
674 1522 729 1590 τόν
747 1523 872 1613 Ἀδρίαν
887 1522 1014 1589 Ἑνετῶν
1035 1522 1190 1601 τοιαύταις

79 1631 200 1711 έσθῇσι
210 1626 395 1713 χρωμένων·
418 1627 540 1708 ,θένετον
554 1627 589 1693 δέ
601 1627 631 1693 oi
647 1624 792 1711 Ῥωμαῖοι
806 1626 841 1693 τό
857 1627 928 1715 παρ’
944 1623 1017 1710 ἡμῖν
1030 1625 1190 1692 καλλόῖνον

76 1738 197 1817 χρῶμα
218 1725 506 1815 προσαγορεόουσιν.
530 1727 551 1811 ἢ
572 1733 622 1796 καί
641 1731 720 1796 κατὰ
734 1732 774 1798 τδ
790 1732 925 1818 τέσσαρα
939 1742 1089 1814 στοιχεῖα·
1115 1728 1188 1818 ῥοό-
1206 1755 1235 1811 p.
1253 1737 1290 1795 47

79 1861 145 1900 σιοι
160 1834 218 1917 μέν
233 1832 383 1898 ἀνέκειντο
396 1836 470 1923 πυρί
486 1834 585 1898 διὰτὸ
595 1841 725 1921 χρῶμα,
750 1831 863 1918 ὁμοίως
877 1833 1017 1921 πρόσινοι
1030 1841 1070 1921 γῇ
1084 1836 1136 1900 διὰ
1148 1836 1188 1901 τὰ

37 1950 72 2002 15
82 1937 181 2020 ἄνθη,
206 1934 426 2027 βένετοιἭρηι,
451 1939 551 2002 λευκοὶ
565 1938 599 2002 δέ
611 1937 712 2004 όδατι.
738 1936 768 2002 οἳ
781 1938 818 2004 δέ
828 1963 904 2026 φασι
918 1935 1064 2026 πράσινον
1080 1940 1136 2020 μέν
1150 1939 1187 2004 τό

80 2039 153 2127 ἔαρ,
181 2038 305 2125 ῥοόσιον
325 2040 359 2104 δέ
379 2039 415 2105 τό
430 2041 536 2128 θέρος,
560 2041 681 2121 βένετον
697 2041 732 2104 δέ
747 2041 782 2106 τό
797 2037 1007 2128 φθινόπωρον,
1033 2043 1138 2106 λευκόν
1152 2041 1188 2107 δέ

79 2147 139 2211 τὸν
156 2150 304 2228 χειμῶνα.
335 2146 571 2227 κακοδαιμονίαν
596 2135 650 2208 οόν
672 2144 840 2219 οἰωνίζοντο
863 2142 920 2225 τὴν
936 2145 1061 2227 χείρονα
1080 2151 1190 2232 ψῆφον

80 2250 139 2315 τὸν
161 2246 301 2332 ἀνθηρὸν
323 2244 567 2331 ἀπενέγκασθαι,
593 2244 635 2325 ὡς
660 2246 754 2329 αὐτῆς
771 2242 890 2329 Ῥώμης
909 2240 1108 2329 ἧττηθείσης·
1133 2253 1190 2313 τοῦ

82 2353 147 2438 γὰρ
165 2353 291 2416 δυτικοό
306 2349 430 2438 κέντρον
446 2353 488 2427 είς
499 2349 534 2416 τό
547 2355 603 2433 τῆς
613 2354 670 2435 γῆς
683 2359 831 2432 στοιχεῖον
846 2349 1085 2437 ἀναφερομένου,
1111 2351 1191 2428 είκδς

39 2448 124 2538 torio
147 2453 251 2529 αὐτοῖς
269 2454 370 2536 μέλειν
390 2452 494 2536 αὐτῆς.
517 2452 593 2519 όθεν
611 2456 663 2518 καί
679 2443 802 2519 Ἑστίαν
818 2453 877 2540 πρὸ
895 2450 1017 2518 πόντων
1033 2455 1192 2540 φαίνονται

83 2555 270 2640 τιμήσαντες
284 2552 447 2639 Ῥωμαῖοι,
470 2555 572 2643 ὥσπερ
595 2555 648 2623 τόν
670 2561 833 2644 πετρογενῆ
854 2558 990 2641 Μίθραν
1012 2555 1042 2621 ol
1056 2558 1190 2643 Πέρσαι,

85 2662 141 2728 διὰ
157 2660 192 2727 τό
205 2665 260 2726 τοῦ
275 2660 373 2749 πυρός
386 2660 518 2749 κέντρον,
532 2661 584 2726 καί
597 2659 654 2745 τὴν
664 2657 762 2749 δγρὰν
777 2659 883 2726 οὐσίαν
895 2655 996 2745 oliui
1011 2660 1066 2744 τὴν
1078 2659 1191 2749 ἄρκτον

158 2889 193 2944 10
209 2816 341 2959 όόάόόιόό
357 2888 392 2943 V.
500 2889 532 2943 11
549 2884 602 2959 τὴν
616 2888 706 2960 vulgo.
810 2888 843 2943 13
859 2883 895 2941 τά
912 2888 964 2943 add
978 2888 1088 2943 Hacine.

156 3023 202 3080 25.
236 3023 313 3094 Agon
327 3029 356 3078 et
368 3023 465 3093 agonia
476 3023 549 3078 locus
562 3023 709 3094 appellatur
719 3029 829 3095 propter
840 3026 948 3077 formam
961 3024 1107 3089 rotundam,
1121 3040 1187 3092 qno-

85 3094 159 3149 niam
172 3111 226 3146 non
239 3093 321 3147 habet
332 3096 436 3161 γωνίαν
450 3094 479 3160 (i
495 3112 521 3146 e.
539 3093 696 3162 angulum),
716 3095 750 3148 ad
764 3094 837 3147 cuiue
853 3093 967 3162 speciem
983 3093 1061 3145 etiam
1075 3110 1188 3146 coronae

84 3164 220 3217 rotundae
233 3162 379 3216 victoribue
401 3161 612 3233 imponebantur.
652 3170 709 3214 tren
729 3171 815 3216 autem
837 3161 946 3215 obelisci
964 3170 1082 3214 naturam
1102 3162 1196 3215 tribue

86 3241 253 3285 constantem
267 3230 411 3299 elementia,
425 3248 494 3300 equa
505 3231 560 3299 igni
573 3239 659 3299 terra,
676 3231 699 3284 εἰ
738 3231 745 3246 '
767 3239 840 3284 cant:
858 3233 892 3284 ad
912 3249 945 3284 ea
962 3230 1031 3283 enim
1049 3229 1106 3284 eola
1119 3249 1189 3285 mora

86 3302 143 3354 vim
167 3301 257 3353 habet.
311 3318 375 3354 uere
388 3299 467 3354 etiam
483 3299 626 3370 tricipitem
644 3299 690 3353 seb
718 3320 734 3353 a
756 3300 878 3354 attribuit
893 3299 999 3352 Plutoni
1015 3317 1123 3368 canem,
1141 3317 1190 3372 pro

87 3375 253 3423 constantem
268 3369 304 3422 tri
323 3386 353 3423 ue
369 3367 518 3422 elementia:
541 3370 588 3422 air
605 3368 675 3423 enim
693 3369 774 3422 vitam
795 3369 928 3423 excitandi
941 3369 994 3421 rim
1015 3369 1106 3423 habet.
1142 3385 1191 3439 per

86 3439 221 3493 obeliscos
236 3437 318 3508 igitur
330 3438 504 3507 significatur,
521 3438 549 3490 in
565 3439 691 3492 bonorem
704 3455 794 3493 eorum
811 3439 858 3509 qui
873 3456 922 3511 pro
937 3437 1025 3510 patria
1035 3438 1191 3507 moriuntur,

86 3519 223 3562 certamen
242 3511 276 3561 ab
295 3509 329 3562 iia
345 3507 493 3562 institutum
506 3508 600 3560 fenea.

158 3577 204 3630 26.
239 3576 349 3630 Ruaaati
368 3577 451 3629 Marti
469 3576 616 3630 coneccrati
632 3581 724 3643 eraut,
742 3575 823 3630 albati
843 3576 919 3644 Iovi,
938 3575 1066 3646 praeinati
1082 3573 1192 3642 Veneri,

88 3645 182 3699 veneti
201 3646 316 3700 Saturno
331 3645 376 3699 vel
391 3647 528 3716 Neptuno.
570 3646 661 3699 veneti
680 3654 767 3698 numm
785 3645 849 3699 dicti
869 3653 932 3698 aunt
954 3644 1098 3698 eVenetie
1121 3644 1193 3696 circa

87 3714 198 3769 idriam
216 3714 441 3782 inhabitantibus,
463 3714 510 3784 qui
528 3714 657 3769 eiusmodi
676 3715 796 3767 veefibua
816 3723 938 3767 utuntur=
965 3723 1087 3767 venetum
1106 3722 1193 3765 autem

87 3783 203 3837 Romani
221 3801 279 3837 eum
296 3783 409 3838 colorem
426 3783 518 3838 dicunt
534 3800 610 3854 quem
629 3778 843 3837 coenantium
864 3799 998 3837 vocamur.
1033 3782 1092 3834 eive
1112 3780 1193 3834 etiam

88 3853 232 3906 eecmrdum
249 3861 375 3922 quattuor
392 3851 533 3907 elementa:
549 3852 649 3906 rueeati
666 3852 814 3906 consecrati
830 3860 908 3906 erant
926 3852 983 3921 igni
996 3857 1106 3934 propter
1120 3848 1192 3902 colo-

88 3939 162 3986 rem3
179 3920 302 3976 similiter
322 3921 451 4006 precincti
469 3931 559 3976 terrae
574 3930 686 3992 propter
701 3922 796 3988 florea3
815 3921 904 3975 veneti
917 3922 1028 3987 Ionem,
1046 3918 1128 3972 cibati
1144 3935 1192 3973 au-

88 3999 144 4044 tem
156 4007 252 4061 aquae.
287 3991 333 4046 alii
346 3999 433 4045 antem
445 3991 553 4061 pruina
569 3989 658 4046 colore
674 4008 723 4045 ver
736 3990 881 4074 significari
894 3990 999 4056 dicunt,
1015 4005 1092 4041 raeco
1106 3999 1194 4041 aeeta-

89 4067 153 4124 tam‚
171 4067 269 4113 veneto
284 4071 457 4127 anctumnum,
474 4059 534 4114 albo
546 4061 667 4114 hiemem.
701 4061 883 4114 infelicitatem
895 4058 978 4127 igitur
990 4059 1194 4127 augurabantur,

88 4146 148 4181 cum
164 4128 323 4184 deteriorem
337 4137 434 4182 eonem
446 4129 555 4184 floridae
569 4129 723 4196 abstulerat,
739 4130 815 4198 quaei
827 4130 887 4198 ipae
900 4128 986 4181 Roma
994 4127 1099 4181 devicta
1112 4134 1194 4180 ceeet.

89 4215 147 4250 cnm
163 4198 232 4251 enim
247 4198 409 4254 occidentale
421 4205 537 4251 centrum
552 4200 587 4252 ed
602 4207 691 4253 terrae
706 4197 862 4252 elementum
880 4197 1026 4264 referatur,
1050 4196 1146 4249 merito
1161 4195 1194 4249 iie

88 4266 134 4320 illa
147 4283 227 4320 curae
242 4276 310 4321 crat.
346 4268 416 4321 unde
435 4267 514 4321 ιιιίιιιιι
533 4268 641 4321 Vcetam
663 4283 729 4337 prae
749 4267 878 4333 omnibus,
895 4275 926 4318 ut
941 4275 1062 4336 apparet,
1083 4282 1194 4318 venera*

89 4339 187 4391 bantur
201 4336 323 4407 lionam,
340 4345 371 4391 nt
380 4335 506 4391 Mithram
517 4353 552 4391 ex
563 4344 728 4408 mpeuatum
740 4338 850 4406 Peraea,
864 4343 975 4408 propter
985 4335 1055 4407 ignia
1068 4344 1124 4389 αι’
