2742 4642
204 359 306 409 xxm
491 337 604 407 nasu
626 336 684 403 nn
708 332 869 405 manus
894 312 1014 401 nmo

205 542 259 602 illo
273 536 389 614 editae3
417 546 482 597 tum
498 557 554 617 per
572 538 675 617 ipsum
685 536 826 597 Italicum
846 535 905 594 iter
918 532 1060 613 vulgatae
1074 526 1114 592 de
1130 528 1235 592 eham
1250 550 1310 614 pa·

206 662 335 727 pyraoea
348 641 446 700 Musei
459 640 602 720 Borgiaui
617 636 704 699 docta
718 639 945 714 commentatio,
966 639 1081 696 ltomae
1099 637 1199 711 1788,
1221 635 1255 711 4,
1278 645 1309 695 et

166 750 171 767 ¹
206 744 246 805 de
267 764 361 804 numo
379 744 488 823 Ulpiae
510 743 666 801 Pantaliee
686 738 728 799 ad
746 739 936 822 Stephanum
955 740 1098 819 Borgiam
1114 737 1308 798 cardinalem

206 848 351 929 epistola,
371 847 600 921 Romae1789‚
622 841 654 908 4.
697 840 770 902 huio
781 845 893 922 igitur,
915 860 984 902 enm
998 851 1078 903 esset
1088 841 1219 916 Romae,
1242 841 1308 898 ula-

206 952 343 1011 rissimus
357 948 450 1007 abbas
463 947 584 1024 Marini,
604 946 753 1007 tabulario
768 946 912 1005 Vatioano
927 944 1106 1024 praeleetau,
1126 943 1307 1002 monstrarit

205 1054 352 1115 maiorem
371 1052 458 1111 illam
478 1066 722 1131 anonymamque
743 1048 813 1107 libri
833 1046 871 1107 de
893 1047 1048 1106 Mensibus
1067 1046 1238 1125 epitomen,
1271 1062 1307 1102 er

205 1156 330 1227 relictis,
350 1165 386 1214 ut
399 1151 533 1215 Sehowii
545 1150 645 1211 verbis
656 1160 725 1209 utar
738 1150 865 1231 praelat.
886 1148 936 1209 ed.
951 1168 983 1229 p.
998 1151 1037 1225 6,
1062 1148 1175 1206 Leonte
1189 1147 1309 1207 Allutr’s‘

206 1257 320 1317 ebonis
330 1257 522 1335 ‹haonptana
568 1271 628 1335 qua
642 1255 776 1333 perlecta
789 1252 966 1328 Sohowius,
999 1252 1053 1332 qni
1072 1249 1219 1311 ineditam
1237 1251 1306 1309 ani-

205 1357 432 1434 madvertisset,
460 1360 525 1416 eius
546 1355 711 1416 editionem
726 1358 808 1417 illico
822 1353 981 1430 meditari,
1010 1372 1138 1435 eamque
1153 1373 1222 1412 eum
1237 1350 1306 1412 ood.

205 1460 369 1520 Barberino
385 1461 445 1525 177
460 1455 544 1540 (vid.
562 1477 653 1537 supra
665 1479 698 1539 p.
713 1459 776 1539 xa)
790 1459 940 1533 oonierre,
970 1458 1154 1537 alteramque
1169 1453 1306 1515 eiusdem

204 1563 275 1622 libri
290 1564 458 1641 epitomen,
489 1578 566 1641 quae
582 1559 898 1621 aitisximoPlanude
919 1561 998 1618 faeta
1020 1556 1147 1634 dicitnr,
1175 1578 1217 1618 ex
1236 1555 1305 1618 eod.

204 1665 344 1724 Palatino
361 1661 421 1730 145
436 1666 509 1724 item
523 1663 689 1724 desoribere
704 1666 762 1724 sibi
774 1667 888 1744 eoepit,
916 1673 950 1721 ut
963 1664 1089 1741 exponit
1108 1663 1218 1741 ipsein
1238 1661 1306 1739 epi·

205 1768 282 1828 stola
295 1770 391 1827 Roma
405 1768 500 1825 Nonis
514 1767 603 1826 Maiis
617 1767 700 1829 1789
721 1765 761 1826 ed
775 1768 948 1826 Harlesium
966 1763 1054 1840 data3
1086 1782 1177 1846 quam
1191 1763 1305 1842 episto-

91 1885 121 1939 ρ·
136 1878 189 1921 Μ
206 1870 269 1929 lam
281 1870 436 1929 Harlesius
448 1870 480 1928 in
492 1869 573 1928 Bibl.
588 1870 641 1927 Gr.
656 1870 719 1929 rol.
733 1868 754 1935 4
769 1890 802 1950 p.
820 1871 881 1936 157
899 1869 1036 1927 insemit.
1080 1864 1187 1949 quodsi
1199 1876 1305 1946 postea

206 1968 365 2032 Sohowius
387 1990 457 2029 oum
476 1972 530 2030 illo
553 1981 637 2030 tanto
659 1975 816 2047 acumine,
857 1972 947 2052 quale
970 1972 1002 2030 iu
1023 1989 1138 2050 papyro
1155 1971 1305 2049 Borgiaua

205 2074 354 2133 illustrata
370 2076 463 2154 inque
477 2070 629 2153 Hesychio
641 2077 762 2155 Lipsiae
777 2077 876 2149 1792,
899 2076 937 2148 8,
960 2070 1118 2131 emendato
1133 2068 1305 2148 declararit,

207 2195 311 2235 curam
326 2178 597 2257 cogitationemque
610 2177 744 2258 aliquam
761 2168 931 2257 inutraque
950 2177 1080 2253 epitome
1093 2172 1306 2252 perpurganda

203 2278 373 2358 posuisset,
407 2279 589 2358 omninoque
618 2278 787 2337 studiorum
810 2289 980 2338 nostrorum
1001 2277 1183 2356 perrexisset
1203 2285 1305 2334 tenere

205 2380 305 2452 mam,
335 2377 468 2457 profeoto
483 2382 681 2458 epitomamm
693 2382 815 2439 illarum
828 2378 992 2439 editionem
1007 2379 1150 2438 oonfioere
1163 2380 1260 2458 potnit
1273 2388 1304 2437 et

207 2477 398 2538 emendatam
418 2482 571 2555 maxime,
607 2491 637 2538 et
658 2500 728 2539 oum
752 2482 846 2541 ouiris
865 2482 1047 2540 Graeoarum
1065 2483 1219 2540 literarum
1238 2491 1304 2541 sau-

207 2580 309 2658 dioso,
337 2591 404 2640 tum
421 2584 559 2662 inprimis
577 2583 666 2642 nobis
686 2584 722 2640 in
737 2579 794 2641 hae
807 2602 898 2662 opera
912 2594 1015 2642 nostra
1030 2583 1210 2642 mirabiliter
1222 2583 1305 2663 (opi-

205 2681 276 2763 nor)
290 2684 488 2763 profuturam.
533 2683 588 2746 sed
602 2704 639 2744 ea
653 2686 755 2744 omnia
774 2682 889 2765 (dicem
911 2696 946 2745 nt
966 2705 1014 2746 res
1036 2686 1095 2767 est)
1112 2686 1202 2767 paulo
1217 2686 1305 2745 aliter

206 2785 388 2848 osolderunt.

148 2906 192 2969 26
292 2891 414 2950 Etenim
427 2889 585 2952 Sohowius
598 2899 634 2950 ut
644 2891 795 2949 Hamiam
809 2911 843 2950 se
856 2892 989 2966 rettulit,
1012 2910 1081 2950 oum
1098 2891 1225 2950 eximias
1237 2890 1303 2949 eins

205 2994 331 3054 virtutes
345 2995 505 3074 populares
518 2994 752 3074 perspexissent,
773 3012 884 3072 magno
898 2994 965 3053 looo
978 2995 1011 3053 in
1025 3013 1118 3074 regno
1135 3012 1211 3068 esse,
1232 2993 1304 3071 pln-

205 3097 351 3178 rImisqne
377 3107 408 3156 et
429 3092 648 3155 honestissimis
669 3097 843 3155 muneribus
868 3097 899 3152 in
923 3117 956 3155 se
978 3097 1094 3156 oollatis
1114 3098 1224 3176 soripta
1247 3113 1303 3153 sna

206 3199 374 3272 oontinere‚
403 3215 539 3279 quaeque
558 3199 590 3255 iu
609 3201 710 3258 auimo
723 3197 853 3257 habebat
867 3197 905 3256 de
920 3201 1098 3279 antiquitate
1115 3195 1303 3271 illustranda,

207 3318 243 3357 ea
263 3300 296 3357 in
313 3299 397 3358 aliud
414 3310 534 3379 tempus
557 3297 676 3360 differre
699 3305 806 3382 eoepit.
849 3311 879 3360 at
895 3303 1018 3359 interim
1031 3302 1153 3381 Lipsiae
1173 3321 1213 3360 ex
1229 3319 1303 3379 apo-

204 3398 320 3481 grapho
335 3403 401 3461 eius
418 3403 452 3460 in
466 3403 588 3461 libraria
604 3401 804 3462 Weidmanni
819 3422 908 3461 casus
923 3406 985 3461 iam
997 3414 1061 3463 erat
1075 3414 1178 3465 textus
1190 3407 1303 3462 utrius·

205 3523 264 3585 que
278 3505 443 3584 epitomae,
472 3503 613 3564 adiuncto
633 3506 667 3562 iu
685 3506 745 3563 fine
765 3506 861 3585 eapite
879 3503 917 3564 de
932 3516 1027 3564 terrae
1042 3507 1190 3581 motibus,
1210 3508 1303 3567 ταῦτα

207 3602 263 3686 μὲν
279 3601 318 3669 dv
330 3629 375 3681 τις
388 3630 416 3670 κ.
429 3630 454 3670 τ.
468 3611 496 3669 t.
517 3606 600 3690 quod
624 3606 790 3667 seeundum
813 3626 854 3666 ex
876 3618 1017 3689 quattuor
1036 3609 1213 3688 fragmentis
1233 3608 1303 3667 libri

207 3706 245 3767 de
260 3709 391 3769 Ostentis
407 3729 473 3770 esse
492 3731 523 3790 p.
536 3730 618 3769 xnm
634 3708 855 3785 demonstrari,
881 3710 1048 3789 praefatio,
1069 3708 1304 3784 emendationes,

86 3820 295 3888 p.nr11notae
312 3831 353 3871 ex
364 3813 463 3871 Dania
480 3810 712 3872 summittendae
724 3832 842 3872 summe
858 3814 1120 3893 exspeetabantur.
1143 3832 1217 3896 quas
1234 3830 1305 3871 eum

150 3970 161 3989 ‚
206 3910 318 3972 diutius
329 3918 440 3973 morari
453 3916 656 3995 intelligerent
672 3915 812 3973 librariae
826 3926 1050 3994 procuratores,
1081 3915 1121 3975 ad
1134 3927 1304 3976 extremum

206 4012 399 4094 desperantes
412 4014 449 4074 de
464 4015 621 4092 Sohowio,
651 4027 818 4077 statnemnt
836 4028 870 4076 nt
884 4028 986 4078 textus
999 4020 1132 4080 Graecus
1151 4039 1221 4078 eum
1232 4018 1304 4077 bre·

203 4117 290 4176 vibus
307 4120 438 4197 sapitum
449 4122 632 4199 argumentis
647 4122 757 4180 Latine
773 4122 907 4200 seriptis,
941 4123 1041 4204 qualit
1060 4125 1124 4182 iam
1144 4132 1223 4181 esset
1242 4121 1304 4178 im·

201 4236 323 4297 pressus
336 4220 407 4277 talis
420 4219 573 4297 ederetur,
601 4224 667 4282 sine
682 4226 762 4284 uotis
775 4224 863 4300 ullis,
882 4235 1002 4304 praeter
1015 4244 1126 4305 paucas
1141 4222 1180 4283 de
1195 4225 1304 4283 leutio·

74 4330 80 4341 ·
203 4338 278 4378 num
297 4323 450 4383 varietate.
494 4321 615 4386 additur
634 4327 759 4407 insuper
780 4325 891 4402 index;
913 4331 988 4388 item
1007 4328 1166 4409 praefatio.
1210 4323 1305 4386 editio
