2742 4642
129 256 216 393 ¹urm
240 325 352 395 Htsn
376 324 434 394 DE
458 320 619 395 ῙΟΔΝΝΕ
643 322 762 393 LYDO
789 310 1134 393 commutamus.

134 525 293 589 delitescit.
333 545 398 586 uon
421 523 504 608 quod
528 544 634 585 versu
650 544 690 583 ne
707 522 807 585 nudus
819 522 899 607 Lydi
910 534 1013 586 textus
1026 521 1122 584 doctis
1135 520 1239 583 homi-

133 632 223 691 nibus
243 650 306 690 non
327 628 476 689 iucundus
498 631 538 687 sit
554 628 692 704 iuturus,
714 629 765 688 vel
780 626 863 710 qaod
876 637 981 708 putem
994 629 1142 688 iuveniles
1152 648 1238 688 meos

133 743 257 795 conatus
277 753 343 793 essa
362 736 458 792 tautit
479 730 535 791 sed
553 740 588 791 nt
607 751 714 792 omnes
734 733 905 810 intelligant
921 731 1108 790 elaboratum
1124 734 1239 790 esseio

132 838 192 897 ista
211 837 413 918 qualicunque
435 853 543 914 opera,
571 846 606 894 ut
625 834 799 895 liberalitati
821 835 1018 895 illustrissimi
1038 836 1181 911 fautoris,
1211 836 1239 895 si

132 941 235 999 minna
256 941 362 998 ceteris
380 938 484 1012 rebus,
506 934 664 1017 diligentia
679 949 759 998 certe
773 936 1013 1019 responderetur.
1055 956 1238 1020 aequavero

134 1044 162 1127 si
175 1061 235 1124 qua
247 1052 319 1101 ssmt
332 1042 366 1099 in
379 1040 456 1099 libro
473 1037 511 1098 de
526 1042 656 1100 Ostantis
668 1043 769 1102 minus
783 1042 925 1122 perfecta,
941 1043 1019 1100 sicut
1029 1050 1108 1114 sunt,
1129 1042 1237 1099 iccirco

132 1145 171 1204 ab
193 1146 247 1204 illo
269 1141 387 1204 edendo
412 1141 593 1202 deterrebor.
635 1161 709 1202 nam
729 1154 764 1203 ut
786 1146 926 1205 univerae
938 1142 1042 1224 Lydus
1057 1146 1184 1203 ωἱιιίιιιο
1198 1146 1239 1203 sit

133 1266 204 1306 cnm
214 1250 342 1308 smnmis
356 1265 465 1306 aureae
477 1247 582 1304 aetatis
594 1247 764 1306 sudoribus
779 1246 1013 1327 comparandus,
1034 1247 1073 1305 iis
1088 1256 1166 1304 certa
1180 1244 1239 1304 ad-

132 1347 337 1409 numerandus
352 1358 398 1409 est
411 1350 463 1430 qui
474 1350 566 1408 totius
579 1346 755 1408 eruditionis
771 1354 928 1434 autiquae,
950 1353 1035 1410 cultas
1046 1369 1102 1409 nos
1114 1351 1239 1430 perexi-

132 1472 241 1533 guam,
262 1453 432 1511 maximam
444 1447 597 1510 habebant
609 1451 795 1512 fucultatem.
838 1455 947 1536 quibus
961 1456 992 1512 in
1005 1453 1174 1513 auctoribus
1186 1454 1238 1511 ni·
1260 1489 1262 1492 -

132 1554 180 1615 lril
193 1557 257 1616 fere
272 1566 336 1614 tam
351 1555 419 1612 lave
431 1562 555 1634 tamque
568 1554 649 1613 exile
663 1565 716 1615 aut
727 1566 818 1615 tenue
832 1559 954 1637 reperiri
967 1566 1057 1637 puto,
1076 1553 1159 1638 quod
1175 1575 1239 1614 non

131 1661 260 1719 alicuius
283 1654 447 1739 aliquando
469 1659 617 1716 momenti
635 1677 719 1735 asse,
741 1658 860 1741 quodve
880 1670 959 1720 recte
979 1679 1048 1719 cum
1062 1659 1128 1720 aliis
1141 1658 1238 1717 colla·

9 1806 13 1824 ‚
29 1782 121 1827 nrm
131 1771 199 1821 tum
219 1780 282 1819 non
298 1754 442 1840 'aliquam
462 1762 621 1820 veluntatis
635 1770 755 1841 partem
770 1782 848 1823 nora
860 1763 929 1822 luce
944 1763 1116 1823 collustrare
1129 1764 1237 1843 possit.

133 1860 210 1946 qaid
230 1859 313 1943 qnod
333 1860 428 1937 mihi,
449 1863 482 1921 iu
496 1860 595 1922 studia
608 1860 685 1922 haec
697 1873 800 1924 nostra
813 1868 957 1940 intuenti,
980 1862 1129 1924 eiusmodi
1141 1864 1238 1924 libro-

132 1986 202 2026 rum
215 1963 326 2041 editio,
347 1966 374 2024 si
390 1966 443 2046 qui
456 1962 556 2024 adhuc
569 1964 680 2040 latent,
702 1962 742 2024 ad
751 1986 804 2026 eos
818 1936 1155 2047 potissimum-ubiubi
1165 1970 1235 2045 sint,

132 2067 254 2131 videtur
268 2069 426 2149 pertinere,
446 2068 556 2149 quibus
565 2066 700 2127 custodia
714 2068 852 2129 codicum
863 2073 1136 2150 manuscriptorum
1147 2089 1238 2129 man·

134 2169 207 2232 data
232 2181 288 2232 ast.
330 2172 375 2232 sio
396 2171 480 2230 anim
500 2171 659 2248 existimo,
683 2191 830 2251 magnum
850 2195 915 2235 essa
936 2175 969 2234 in
989 2177 1083 2234 literis
1104 2175 1236 2250 Graecis,

133 2285 225 2358 atque
240 2272 317 2335 adeo
332 2276 522 2348 maximum,
542 2283 659 2334 veteres
673 2273 834 2336 emendare
848 2278 988 2355 ingenio,
1010 2278 1162 2356 explicare
1180 2273 1237 2335 do-

133 2382 248 2454 ctrina,
268 2384 409 2436 naturam
426 2376 573 2435 sermonis
591 2379 782 2455 perscrutari.
824 2389 912 2437 acuta
926 2388 1027 2437 tamen
1044 2380 1166 2458 ingenia
1182 2398 1237 2438 ns-

133 2498 315 2564 quequsque
330 2476 415 2537 -laaeo
438 2488 575 2557 posssmt.
617 2478 671 2535 illa
691 2497 780 2554 vero,
801 2480 971 2560 fragmenta
990 2478 1104 2539 inedita
1122 2501 1236 2557 eruere,

131 2584 322 2663 glossatores,
344 2578 532 2656 scholiastes,
549 2589 684 2641 auctores
699 2580 891 2642 secundarios
904 2582 1112 2643 delitescentes
1127 2602 1237 2665 quam·

31 2759 35 2767 ,
130 2687 280 2767 plurimos
298 2687 331 2743 in
350 2683 451 2761 lucam
470 2680 639 2758 vindicare,
661 2679 817 2764 doctisque
837 2681 1010 2755 horninibus
1027 2686 1070 2744 sic
1085 2704 1166 2744 nova
1179 2682 1238 2743 ad·

130 2790 267 2848 iumenta
289 2797 475 2867 comportata
498 2782 539 2844 ad
561 2786 720 2845 universas
740 2787 899 2859 vetustatis
918 2787 1168 2867 intelligentiam,
1200 2805 1237 2846 ea

130 2893 197 2951 sina
210 2888 350 2951 codicum
363 2891 449 2969 copia
460 2907 551 2948 nemo
564 2897 674 2968 potest.
716 2884 776 2947 hae
789 2890 949 2969 praecipue
963 2901 1033 2950 sunt
1047 2891 1153 2968 opinor
1164 2908 1237 2968 par-

130 3003 178 3054 tes
197 3006 332 3071 nostrae,
360 3011 468 3072 parum
487 2988 637 3050 iucundae
656 2990 800 3068 fortasse,
828 2989 883 3051 sed
901 2992 1006 3053 utiles:
1028 2992 1138 3073 quibus
1157 3001 1237 3050 recte

131 3096 206 3156 actis
219 3107 249 3156 at
264 3097 336 3157 satis
347 3095 446 3155 officio
459 3104 562 3154 nostro
575 3095 692 3154 factrnn
703 3113 769 3156 essa
780 3104 863 3175 puto,
885 3105 916 3156 et
928 3094 1048 3156 abunde
1060 3095 1237 3175 praestitum

132 3199 349 3259 existimationi
364 3200 505 3282 altaeque
519 3208 651 3259 assuas.
