2742 4642
466 318 711 391 PRAEFATIO.
1079 347 1145 397 ιω

36 513 158 578 aridum
172 514 214 578 111
230 526 262 578 11
274 516 356 579 exile
368 515 402 580 id
416 529 640 602 argumentum,
658 532 762 583 tamen
776 523 946 586 necessario
959 542 1055 606 pauca
1066 529 1143 588 sub-

34 638 171 718 iungam.

113 757 195 817 Dixi
204 756 238 816 in
247 756 473 841 Prolegomenia
487 757 526 820 ad
540 760 750 842 Magistratus,
769 783 801 845 p.
812 781 897 825 cxxv
910 781 975 845 sq„
997 762 1132 827 codicem
1154 769 1175 830 8

32 876 315 955 membranaceum,
346 897 383 939 tx
400 881 451 940 vel
469 900 495 940 x
514 882 642 957 saeculi,
675 885 857 945 continuisse
887 885 961 944 olim
980 886 1038 944 trie
1055 885 1136 967 Lydi

33 1015 142 1077 opera,
162 996 276 1055 librum
291 997 338 1057 De
354 999 525 1076 mensibus,
546 1002 592 1060 De
611 1004 753 1080 ostentis,
774 1004 820 1062 De
834 1004 1059 1082 magistratibus
1071 1005 1135 1063 Ro-

31 1119 148 1193 mani⁸3
170 1113 226 1177 sed
249 1134 319 1174 cum
338 1117 400 1175 iam
420 1115 461 1176 ad
481 1119 601 1199 cpolim
616 1121 694 1179 circe
712 1140 741 1179 a·
760 1122 839 1187 1785
853 1124 1038 1182 inveniretur
1048 1125 1135 1184 initio

32 1244 61 1292 et
71 1234 135 1293 flue
149 1243 291 1309 uunoua,
312 1253 467 1314 superesse
492 1240 521 1296 ei
543 1236 633 1299 hodie
656 1238 804 1300 duntaxat
824 1242 897 1302 folia
918 1244 998 1316 1023
1024 1239 1135 1301 horum

32 1350 89 1412 dno
107 1353 260 1433 pertinere
274 1350 313 1411 ud
326 1353 438 1413 librum
451 1357 497 1417 De
511 1360 683 1436 mensibus,
705 1364 746 1426 37
763 1359 802 1419 ed
813 1361 925 1421 librum
937 1361 984 1418 De
997 1361 1132 1435 ostentis,

29 1474 150 1554 reliqua
168 1470 208 1531 ad
224 1475 426 1554 Magistratus.
469 1498 511 1537 ex
524 1480 586 1539 illis
603 1484 644 1544 37
667 1479 733 1562 (De
750 1475 894 1556 ostentis)
915 1480 957 1542 26
968 1480 1133 1558 posteriora

28 1593 126 1653 fuisse
148 1603 270 1652 consuta
289 1605 445 1654 numerata
465 1595 605 1657 adiuncta
625 1597 664 1658 ad
683 1618 791 1679 corpus
811 1595 937 1671 codicis3
962 1602 999 1662 11
1019 1599 1129 1678 priora,

29 1721 169 1793 reparata
183 1732 251 1771 cum
265 1725 350 1775 extro
364 1714 499 1775 codicem
517 1727 583 1776 tum
595 1718 677 1777 iuter
686 1738 736 1794 11,
758 1717 873 1777 adiecta
887 1718 980 1776 fuisse
994 1718 1027 1774 in
1039 1718 1130 1778 invo-

27 1834 111 1892 lucro
132 1830 284 1915 quodum,
307 1836 422 1918 absque
441 1838 591 1895 numerali
605 1848 675 1896 uota
691 1838 765 1896 ulla.
809 1858 844 1896 ee
859 1856 915 1916 ego
931 1838 969 1901 11
984 1837 1074 1914 folia,
1095 1848 1131 1897 ut

29 1956 162 2034 primum
181 1972 339 2034 aggressus
361 1952 440 2013 hanc
462 1954 625 2016 editionem
647 1976 733 2032 aum,
753 1953 878 2016 (11111111
895 1965 1068 2037 temereque
1082 1958 1131 2015 ia-
1147 1973 1176 2028 p.
1193 1971 1226 2010 vs

29 2077 124 2133 centia
136 2077 181 2133 ita
195 2072 354 2155 disponere
368 2093 402 2133 ec
413 2093 570 2134 numerere
586 2075 686 2154 coepi,
709 2084 743 2132 ut
755 2075 898 2135 iubebunt
914 2087 1093 2155 conspectus
1100 2086 1132 2136 et

28 2213 145 2253 asuuma
163 2196 265 2274 operia
282 2215 313 2274 p.
329 2198 391 2260 277
415 2199 430 2258 1
455 2195 603 2273 exposita.
645 2190 739 2272 idque
752 2202 816 2251 tam
830 2193 908 2252 bene
923 2196 1012 2253 cessit
1025 2204 1077 2270 ut,
1099 2197 1127 2255 11

28 2336 170 2376 exorsum
183 2316 255 2374 libri
260 2334 291 2394 p.
298 2313 362 2378 273
370 2314 504 2394 lolioque
517 2314 570 2371 illa
584 2313 717 2392 excipias
734 2330 811 2393 quae
826 2315 859 2371 in
877 2323 1013 2373 extremo
1028 2315 1126 2394 nepita
1220 2374 1223 2379 ,

28 2433 62 2494 de
68 2435 235 2516 eclipsibus
241 2454 271 2514 p.
279 2434 343 2499 285
355 2437 376 2497 2
390 2431 566 2493 exciderunt
582 2433 792 2513 (quaetemen,
808 2442 955 2513 quantum
963 2434 1125 2493 enatsitnm

27 2555 57 2612 in
74 2555 185 2629 nobis,
207 2555 319 2613 Graece
340 2554 480 2634 supplere
500 2554 599 2612 conati
622 2550 765 2633 sumus),
791 2554 865 2611 item
884 2552 1025 2611 lacunam
1047 2555 1128 2612 inter

26 2684 113 2754 ceput
128 2672 171 2739 15
185 2683 216 2733 et
229 2675 285 2750 16,
306 2674 621 2752 1191111111
636 2669 729 2747 haec,
750 2673 891 2752 inquam,
912 2667 990 2729 nihil
1002 2675 1126 2731 ormeiuo

26 2814 65 2853 ex
77 2804 145 2854 toto
158 2794 236 2854 libro
252 2789 329 2851 mihi
344 2789 467 2873 quidem
480 2793 513 2851 in
528 2793 680 2872 praesenti
702 2789 806 2852 deesse
828 2788 975 2850 viduatur.
1018 2791 1126 2850 confli-

24 2913 124 2973 ctabar
134 2933 225 2988 vero,
244 2921 374 2971 11111111
386 2906 462 2969 haec
472 2913 512 2975 37
527 2911 616 2987 folia,
637 2909 754 2971 duobus
765 2911 942 2991 praesertim
953 2910 1124 2968 incommo-

26 3030 85 3108 dis,
107 3032 204 3092 altero
219 3032 363 3112 peculiari
374 3030 522 3110 prioribus
534 3031 677 3111 pagellis,
699 3031 792 3090 altero
808 3028 957 3110 generali,
979 3045 1039 3108 quo
1053 3028 1124 3086 uui-

24 3171 126 3212 versus
146 3152 263 3211 laborat
283 3148 390 3211 codex·
432 3159 526 3208 scutet
548 3151 629 3208 enim
642 3147 761 3209 mendis
774 3168 867 3229 prope
882 3148 1047 3206 inmuneris
1059 3164 1123 3204 uon

25 3269 115 3332 modo
135 3273 170 3331 in
191 3270 337 3351 scriptura
350 3269 524 3345 verborum,
546 3236 601 3329 sed
616 3269 648 3327 iu
662 3270 821 3348 spirituum
835 3283 955 3348 quoque
970 3275 1001 3324 et
1014 3284 1123 3324 accen·

24 3399 110 3450 tuum
130 3390 262 3466 ratione,
282 3390 382 3469 prime
399 3408 492 3448 mauu
509 3389 691 3467 positorum,
713 3383 767 3446 aed
779 3405 918 3465 peruerse
932 3385 1121 3465 plerumque.

25 3528 177 3591 quamque
192 3510 231 3570 111
246 3511 353 3571 vitiose
367 3511 511 3590 scriptur,
532 3509 692 3587 praecipue
706 3507 858 3585 apparuit,
878 3505 931 3563 ubi
942 3506 1027 3563 licuit
1040 3522 1120 3577 eum,

24 3639 89 3708 post
102 3649 131 3688 o.
142 3632 197 3705 20,
212 3648 282 3689 cum
293 3630 361 3689 aliia
371 3626 458 3688 codd.
473 3629 587 3688 Veneto
603 3637 632 3686 et
643 3628 746 3706 Regiis
759 3625 911 3699 conferre,
933 3626 996 3705 qui,
1011 3640 1121 3704 quam·

24 3750 67 3807 ria
84 3758 238 3825 recentes,
259 3768 364 3808 omues
377 3758 479 3807 tamen
494 3736 988 3806 (111111111111111111111111111111.ν

103 3868 244 3929 Alterum
255 3866 497 3943 incommodum,
518 3864 610 3947 idque
622 3866 836 3945 longemaius,
858 3872 937 3936 eret,
959 3858 1115 3949 1113711-
1135 3853 1157 3921 4

23 3984 69 4048 liis
79 3988 195 4049 librum
205 3989 252 4047 De
264 3989 390 4047 ostentis
403 3986 622 4047 continentibus
633 3986 809 4065 praesertim
823 3987 863 4048 10
875 3981 975 4063 priora
989 3996 1054 4037 esse
1068 3978 1117 4036 lu·
1134 3996 1164 4052 p.
1180 3995 1223 4034 vn

23 4127 101 4186 uera,
123 4105 311 4189 madoreque
334 4116 364 4166 et
384 4115 531 4166 1111111111
550 4103 626 4165 adeo
639 4103 746 4165 affecta
760 4112 794 4162 ut
812 4120 848 4160 ea
862 4099 1053 4181 potissimum
1067 4118 1118 4156 re-

23 4228 157 4307 spexisse
174 4224 314 4289 videatur
330 4229 378 4290 vie
393 4225 554 4308 multiplici
569 4221 703 4287 doctriua
718 4222 846 4303 iusignia
863 4228 976 4280 etcum
987 4217 1117 4279 inomni
