2742 4642
462 339 804 411 comminamus.
1108 366 1180 415 arn

77 539 123 621 ζει
137 536 162 624 οἳ
174 534 220 618 οἷς
232 539 284 607 tel
297 542 420 622 σκηνῆς.
463 541 546 624 quod
559 546 733 605 universum
747 540 932 604 iudioinmal
947 543 996 604 oui
1009 540 1112 607 dnrltes
1129 550 1178 609 vi·

78 644 203 721 dentur,
228 654 345 725 reputet
367 645 396 704 is
419 664 522 706 saoum
545 643 704 722 Photium,
725 656 761 706 nt
782 657 845 706 erat
861 657 969 708 natura
983 668 1071 729 asper
1087 661 1178 732 atque

77 745 213 822 invidus,
232 766 272 805 ne
284 746 420 827 patribus
432 747 556 829 quidem
568 750 755 831 peperoiss03
776 750 906 809 multem
917 770 982 811 esse
993 754 1027 811 in
1039 754 1073 813 S.
1086 757 1178 814 loen·

77 853 127 911 nia
154 846 362 930 chrysostomi
381 851 556 912 criminibus
578 849 807 933 peroensendis3
829 853 862 912 S.
880 857 1003 913 Irenaeo
1019 855 1111 916 falsas
1127 877 1177 915 er·

79 954 337 1033 gumentationes,
358 955 503 1035 Gregorio
522 958 658 1037 Nysseno
681 951 922 1015 distributionem
940 975 1047 1035 parum
1065 968 1177 1038 aptam,

79 1056 148 1115 aliis
170 1055 231 1114 alia
249 1046 412 1133 obiecisse,
433 1075 531 1138 eoque
545 1059 666 1118 nomine
681 1058 745 1116 iam
760 1076 779 1116 a
794 1055 944 1139 theologis
957 1060 1070 1119 saeculi
1084 1080 1177 1141 snpe-

80 1159 168 1217 rioris
187 1158 289 1216 mmns
308 1178 373 1219 esse
390 1160 558 1239 probatum.
599 1161 732 1241 potuisse
749 1156 880 1242 denique
895 1181 965 1221 eum
980 1164 1033 1242 qui
1048 1162 1176 1242 grandes

80 1278 115 1319 ao
127 1261 277 1340 periectos
290 1264 448 1341 scriptores
463 1265 594 1340 integros
612 1263 743 1341 legeret,
765 1265 911 1340 ctesiam,
932 1261 1178 1347 Theopompum,

41 1370 44 1377 ⁴
79 1359 350 1442 Agatharchidem,
384 1366 594 1441 Memnonem,
625 1366 805 1446 Polybium,
835 1363 1003 1426 Diodorum
1031 1368 1177 1446 Siculum,

79 1467 260 1546 Dionysium
280 1465 593 1543 Helioamessensem,
624 1469 815 1548 Appianum,
844 1470 1022 1546 arrianum,
1042 1472 1076 1529 in
1094 1481 1179 1530 tenta

78 1569 263 1648 optimorum
278 1569 364 1647 eopia
383 1588 433 1628 eos
452 1570 505 1649 qui
521 1578 593 1629 sunt
608 1568 823 1648 seeundoloeo
841 1568 1006 1650 despicere.
1046 1590 1104 1631 nos
1122 1590 1179 1630 au·

77 1679 163 1746 tem,
183 1671 237 1752 qui
259 1669 392 1751 antiquis
410 1669 473 1731 illis
486 1680 538 1733 ant
551 1672 674 1732 omnino
689 1684 739 1733 aut
752 1692 863 1753 magua
876 1692 916 1733 ex
930 1683 1016 1754 perte
1031 1693 1178 1750 caremus,

76 1773 197 1832 utinam
219 1770 370 1853 quomodo
392 1790 473 1831 nuno
493 1771 590 1855 Lydi,
612 1777 657 1835 sio
675 1795 751 1836 mox
769 1777 919 1851 Nonnosi,
940 1777 1012 1835 Iulii
1032 1777 1312 1854 binominum

75 1877 285 1953 Praxagorae,
314 1871 548 1954 Cephalaeonis,
577 1879 725 1958 llunapii,
754 1876 884 1955 blalobi,
912 1876 1041 1937 Candidi
1069 1881 1176 1957 Isauri,

75 1974 303 2058 olympiodori,
330 1977 480 2057 Dexippi,
508 1976 684 2059 Phlegontis
705 1981 871 2056 Tralliani,
899 1978 1093 2060 Pamphilae,
1115 1982 1176 2041 Oo-

74 2082 184 2155 nonie,
205 2077 338 2139 Helladii
355 2078 486 2139 eruditas
500 2079 726 2163 uberrimasque
739 2080 878 2142 historias
893 2085 1044 2161 insperato
1059 2103 1130 2143 oasu
1143 2086 1177 2142 in

73 2183 178 2242 lnoem
195 2182 323 2262 proferri
340 2180 526 2243 videremus:
547 2184 679 2262 profecto
696 2194 726 2243 et
741 2202 852 2261 magna
863 2194 942 2242 esset
953 2193 1054 2242 nostra
1068 2184 1100 2240 in
1115 2184 1177 2244 illis

73 2282 217 2365 legendis
234 2284 386 2362 voluptas,
408 2303 466 2343 neo
479 2283 698 2345 desideraretur
710 2282 876 2343 moderatio
888 2285 921 2341 in
935 2280 1115 2341 iudicandis.

164 2385 276 2445 Leonis
290 2394 389 2444 antem
406 2384 443 2444 de
457 2384 544 2467 Lydo
558 2386 641 2446 loous
657 2394 757 2446 exstet
769 2386 803 2442 in
815 2383 945 2445 Tectiois
959 2384 1043 2443 illius
1055 2393 1103 2441 ter
1114 2383 1174 2442 im·
1194 2388 1237 2452 10

74 2490 206 2571 pressis,
239 2488 335 2567 primo
364 2489 471 2547 betine
493 2498 627 2564 tantum,
661 2507 703 2548 ex
727 2488 864 2549 versione
886 2483 995 2562 (lheoi,
1028 2484 1176 2562 Baeileae,

76 2588 180 2667 1554,
206 2592 257 2655 12.
298 2590 343 2648 ibi
363 2590 397 2648 in
420 2600 556 2650 extremo
576 2591 695 2670 epilogo
716 2591 829 2670 operis,
861 2588 973 2668 pagina
991 2605 1055 2646 non
1074 2598 1178 2648 notata

75 2689 183 2774 (quod
191 2692 310 2772 paginis
323 2689 462 2752 editionis
477 2710 549 2752 suae
562 2693 663 2753 nullos
675 2689 785 2752 adiecit
797 2709 938 2750 numeros
951 2687 1107 2768 (iberus),
1127 2692 1177 2750 vi·

76 2792 167 2853 detur
181 2794 252 2854 libri
268 2792 306 2852 de
318 2796 449 2855 ostentis
460 2796 574 2854 mentio
588 2794 663 2854 fieri.
705 2803 774 2874 post
794 2791 901 2853 eadem
922 2793 1047 2853 Taetioa
1063 2793 1177 2852 Greeoe

75 2894 311 2955 ediditloannes
325 2899 483 2972 lllenrsius,
504 2895 645 2977 Lugduni
656 2900 761 2957 Batar.
777 2891 912 2972 161s,t,
934 2892 1075 2955 adiuncta
1084 2892 1177 2954 cheei

75 2999 187 3056 Latina
198 2999 352 3057 versione:
375 2999 419 3057 ibi
431 3009 532 3058 temen
545 3018 656 3060 nomen
667 3001 841 3077 mentioque
849 2994 928 3077 Lydi
937 2997 1028 3076 plane
1038 2999 1176 3056 eGraeoo

74 3097 202 3160 excidit.
229 3110 381 3179 postremo
396 3100 505 3160 eadem
516 3104 651 3182 vulgarit
659 3105 787 3161 loannes
795 3101 882 3157 Lami
892 3109 979 3159 sexto
987 3100 1177 3178 Opp.Meur·

75 3204 233 3263 sienni-um
252 3203 425 3279 volumine,
446 3205 632 3281 Florentiae,
655 3200 754 3276 trio,
774 3200 829 3259 fol.
852 3220 893 3259 ex
908 3202 1109 3260 Laurentiano
1126 3200 1177 3262 bi.

75 3302 248 3364 bliotheoee
263 3303 416 3364 Medioeee
434 3302 517 3383 eod,
537 3307 641 3366 multis
654 3301 778 3386 quidem
791 3302 866 3361 loeis
880 3301 1055 3379 emendata,
1076 3303 1177 3363 minua

74 3417 182 3467 tamen
194 3409 229 3464 in
241 3417 362 3467 nostro:
385 3408 412 3466 is
424 3408 482 3483 ibi,
505 3408 562 3467 ool.
576 3408 655 3483 917,
680 3408 724 3466 sio
738 3425 771 3466 se
785 3401 893 3462 habet:
914 3400 971 3484 τήν
984 3401 1018 3468 tt
1031 3398 1178 3486 ἆοιρονο·

74 3507 152 3591 μίαν
169 3506 202 3570 οἱ
215 3506 286 3587 περὶ
305 3504 343 3571 sd
362 3506 495 3594 μιιέορα
513 3503 705 3592 σχολάζοι-ται
725 3506 770 3588 (f.
787 3499 1012 3590 σχολάζοντες),
1033 3506 1178 3591 sonipes

74 3609 130 3675 soi
148 3608 299 3697 ἕιιιοιιὶρρ
317 3615 374 3692 τῆς
391 3615 455 3676 seir
471 3606 605 3695 deripere
618 3609 822 3692 ψηφοφορίας
836 3605 1029 3688 διαφέρονται
1049 3607 1092 3688 (f.
1109 3608 1178 3670 dse-
1228 3649 1232 3655 -

76 3700 264 3793 φέροντος),
285 3715 404 3794 περίτι
423 3710 476 3778 τὸν
498 3714 688 3795 Πτολεμαῖον
710 3706 823 3775 ιανὸνα
843 3707 987 3790 καὶπερὶ
1008 3704 1066 3790 τήν
1081 3701 1178 3770 evirari
1193 3733 1223 3789 p.
1236 3731 1320 3773 xxiv·

74 3811 244 3898 ληορὲνην
262 3810 462 3900 Τειρᾶβιβλον
475 3816 528 3880 καὶ
539 3814 610 3897 περὶ
625 3809 710 3895 ἕτερά
725 3837 793 3878 τινα
805 3817 868 3876 seis
886 3812 1069 3876 Χολοοϊκοῖν
1079 3830 1178 3889 παρα·

75 3909 289 4001 σημειώσεων,
310 3918 431 4001 προσέτι
456 3916 490 3984 di
511 3916 565 3981 sui
583 3914 641 4001 τὴν
655 3920 713 3981 τοῦ
726 3910 851 4000 Ἀροὲιοο
865 3914 938 4000 περὶ
949 3918 1011 3978 τοῖν
1027 3908 1179 3991 Φαινορέ·

74 4040 142 4082 νον
160 4015 351 4101 διαγὸριοσιν
365 4065 373 4082 .
385 4066 393 4081 .
406 4064 414 4082 .
429 4016 572 4086 Ἰωάννου
590 4023 645 4085 τοῦ
655 4021 767 4086 Λυδοῦ
778 4010 992 4101 ιιαθημερινήν
1005 4036 1038 4078 re
1052 4010 1105 4077 sui
1119 4034 1179 4094 ρη-

73 4121 182 4185 emtas
199 4118 417 4207 παρατήρησιν.
458 4120 495 4188 sd
509 4120 542 4188 di
555 4128 611 4206 τῆς
622 4123 868 4208 νινεθλιαλογίας
882 4115 957 4186 ’ὅσον
970 4116 1005 4183 it
1017 4120 1082 4191 τοῖς
1096 4115 1179 4198 'loti‘

73 4220 182 4305 μένοις
195 4224 419 4312 winaprei,
441 4225 485 4304 de
501 4220 656 4312 ἀπόβλητα
669 4231 726 4309 τῆς
738 4227 795 4291 roil
808 4226 888 4290 litori
901 4219 1058 4301 ἐκκλησίαι
1069 4215 1093 4300 η’
1103 4214 1180 4299 ἦρι·

73 4323 148 4409 rior
174 4319 374 4410 demirans
398 4331 543 4414 βασιλιία.
585 4333 635 4392 oui
657 4332 757 4392 textui
781 4326 890 4389 edisoit
915 4326 1005 4385 Isami
1025 4322 1180 4404 antiquam

119 4435 235 4492 imm
254 4436 351 4508 sym
943 4419 974 4457 *⁴
