2742 4642
298 225 355 291 uu
379 223 715 323 memmimus
736 226 772 294 ν.
792 226 833 295 n.
858 226 938 292 sm.
958 228 1000 296 n.
1131 229 1202 301 183

84 395 263 482 ἑλκομένη,
287 395 323 463 τό
338 397 409 483 πρίν
424 396 592 482 μηδέποτε,
616 394 726 483 μήτιγε
746 395 847 482 πόσης
867 405 922 483 τῆς
940 406 1058 486 βουλῆς
1071 426 1201 489 προτρε-

79 499 216 586 χοόσης
235 502 267 565 ἐν
287 508 351 577 τοῖς
372 500 541 585 λεγομένοις
559 504 728 581 σιλεντίοις,
765 504 813 568 ἐπὶ
838 496 901 587 τῆς
915 502 1010 586 αὐλῆς
1032 506 1199 592 φαινομίιη

86 602 179 671 κατὰ
198 602 234 670 τό
259 601 395 690 πρόσθεν
416 604 587 691 εῖρημίνον,
617 605 774 675 τελευταία
790 607 846 688 μὲν
863 613 969 672 πασῶν
990 610 1124 676 είσιοῦσα
1138 615 1200 675 τῶν

86 709 205 795 ἀρχῶν
210 753 224 787 ,
253 704 359 794 πρώτη
385 706 418 772 δὲ
439 712 606 794 προϊοῦσα,
637 715 693 794 τῆς
710 705 861 791 βασιλίως
880 707 994 788 εἰκόνος
1012 710 1081 777 ἄντ’
1102 709 1198 778 atton

58 804 363 899 παραπεμπούσης
377 808 482 893 αὐτήν,
505 808 593 877 ίνθεν
610 819 665 878 τοῦ
688 810 810 901 πρώτου
831 818 891 879 τῶν
912 815 1078 900 λεγομένων
1097 821 1197 881 σιλεν·

85 916 224 1001 τιαρίων
239 911 482 998 (ἆμισσιονόλιος
494 915 643 998 καλεῖται)
667 915 700 992 ἐξ
721 913 853 982 ἑωθινοῦ
874 917 951 1004 πρὸς
971 924 1026 1002 τῆς
1038 920 1197 999 βασιλείας

87 1019 175 1105 πρὸς
190 1017 285 1101 αὐτὴν
300 1016 497 1100 στελλομένου
513 1020 563 1083 καὶ
575 1025 743 1104 γονυπετῶς
762 1021 980 1106 προτρίποντος
1000 1022 1048 1086 ἐπὶ
1065 1020 1121 1104 τὴν
1136 1020 1196 1087 αὖ·

89 1122 153 1205 λὴν
165 1125 347 1206 παρελθεῖν·
368 1117 388 1204 ἡ
404 1121 438 1186 δέ
448 1118 537 1207 μόγις
550 1124 601 1188 καί
616 1121 786 1200 ἀπαξιοῦσα
800 1122 853 1188 τὸν
865 1123 1000 1206 σκαλμὸν
1012 1126 1144 1190 ἐκινεῖτο.

205 1221 261 1293 18.
307 1219 495 1289 Ὕπόλοστον
515 1226 583 1314 περὶ
604 1232 659 1309 τῆς
679 1224 793 1302 τάξεως
814 1226 892 1292 κατὰ
910 1226 1016 1293 λεπτόν
1032 1226 1195 1315 ἀφηγήσα-

45 1342 84 1396 to
92 1333 190 1405 σθαι,
204 1324 309 1403 πόσοις
323 1351 357 1392 τε
372 1329 425 1392 καί
439 1328 537 1408 ποίοις
552 1334 797 1416 συμπληροῦνται
812 1326 999 1415 καταλόγους,
1025 1329 1084 1414 ἴλη
1097 1357 1128 1396 τε
1141 1333 1194 1395 καλ

90 1429 211 1512 νόμους
225 1426 516 1516 ἀπαριθμήσασθαι.
566 1432 726 1517 πέπεισμαι
744 1433 803 1520 γὰρ
822 1431 881 1517 ἤδη
900 1434 978 1516 μηδὲ
992 1430 1113 1518 μνήμην
1125 1433 1193 1500 τινὰ

91 1531 251 1612 σώζεσθαι
268 1539 327 1597 τῶν
343 1531 412 1620 ἄρτι
433 1530 652 1614 διαπεσόντων,
683 1533 873 1602 ἀπαιδεύτων
897 1532 947 1603 οἶα
968 1539 1019 1602 καὶ
1041 1538 1193 1620 μηδεμίαν

93 1647 204 1721 πεῖραν
224 1637 417 1723 δικαστηρίου
435 1636 666 1726 παρειληφότων
684 1637 925 1723 ἐπεμβαινόντων
940 1650 1003 1717 τοῖς
1018 1641 1091 1705 ποτε
1104 1637 1194 1725 μόγις

92 1740 175 1826 πρὸς
187 1745 249 1805 τῶν
262 1736 483 1828 ἔμπειροτότων
496 1743 548 1806 καὶ
561 1741 638 1831 πρὸς
651 1749 749 1829 γῆρας
765 1741 835 1827 ἤδη·
845 1743 1029 1830 σεμνοφανές
1044 1744 1194 1831 ἀφικομέ-

49 1852 85 1908 15
93 1870 156 1909 νων
168 1842 239 1925 μετ’
257 1841 347 1926 εὖχῆς
356 1845 580 1932 χειριζομίνοις.
629 1842 722 1928 νόμος
739 1845 797 1932 γὰρ
814 1838 862 1929 ἦν,
888 1845 924 1913 οὖ
944 1851 1045 1928 ψιλῶς
1068 1846 1139 1911 ἀλλ’
1160 1847 1193 1912 ίν

77 1943 264 2034 γράμμασι,
284 1948 391 2030 μηδενὶ
403 1953 555 2025 παντελῶς
568 1948 733 2035 ίπιτρίπων
747 1950 795 2014 ἐπὶ
807 1948 842 2014 τὸ
858 1955 913 2015 τοῦ
924 1953 1047 2033 βοηθοῦ
1061 1949 1191 2031 ἀναβαί-

90 2074 155 2115 νειν
168 2046 351 2138 φρόντισμα,
365 2052 436 2136 πρίν
448 2048 485 2115 όν
494 2053 599 2136 γόνους
609 2076 642 2117 τε
654 2047 826 2137 μετριότητι
840 2054 890 2115 καὶ
904 2049 1000 2136 λόγων
1011 2052 1193 2137 ἐλευθερίων

91 2139 274 2240 παρασκευῇ
298 2151 503 2237 κοσμούμενος
523 2155 574 2219 καλ
598 2152 702 2219 ἴνατον
722 2151 858 2219 ἐνιαυτὸν
872 2154 919 2218 lul
935 2160 990 2237 τῆς
1003 2153 1109 2218 adrev
1124 2155 1193 2219 δια-

93 2257 233 2342 πρίφας,
259 2256 303 2320 δι’
327 2253 400 2340 ὅλης
419 2282 451 2322 τε
473 2254 576 2322 ἐλθὼν
594 2262 650 2339 τῆς
670 2260 732 2322 τῶν
752 2252 939 2344 πραγμάτων
952 2256 1060 2343 πείρας
1072 2258 1124 2322 καὶ
1136 2255 1192 2341 τὴν

51 2357 157 2424 wind
177 2366 232 2442 τῆς
252 2354 390 2442 νεότητος
410 2358 526 2442 τόλμαν
550 2360 592 2436 είς
611 2360 769 2425 ἐπιείκειαν
783 2356 983 2441 μεταβαλών,
1008 2366 1099 2443 τιμῆς
1112 2358 1193 2425 οὕτω

93 2469 207 2545 σεμνῆς
219 2465 269 2526 καί
284 2458 412 2546 δύναμιν
428 2462 464 2528 οὗ
479 2461 591 2549 μικρὰν
608 2460 735 2547 ἐχούσης
751 2464 801 2528 καλ
817 2463 924 2551 κίρδος
938 2463 981 2543 είς
988 2465 1107 2548 χιλίους
1120 2462 1192 2529 ποτὲ

96 2565 296 2650 συναγόμενον
308 2571 444 2654 χρυσοῦς
457 2562 541 2645 ἄξιος
553 2561 627 2631 εἶναι
641 2568 759 2654 φανείη.

164 2756 275 2829 1ε1μή
291 2775 329 2828 γε.
358 2761 394 2814 ll.
428 2777 462 2821 au
478 2756 545 2829 μήτε
559 2760 613 2830 γαί
645 2762 683 2816 πί.
700 2758 739 2829 με)
761 2761 833 2847 γοῦν
853 2780 878 2815 c.
898 2763 944 2816 22.
1084 2759 1192 2830 151030

222 2827 229 2842 Ι

162 2830 255 2896 φιλας.
289 2830 325 2884 1⁴¹.

98 3015 224 3068 nunquam
249 2998 300 3052 nial
320 2998 350 3053 ln
373 2999 485 3054 silentiis
509 3016 577 3071 quae
601 3006 713 3067 vocant,
743 3005 800 3054 toto
824 3004 1012 3069 praecurrente
1030 3003 1138 3061 senata,
1165 2997 1193 3047 in

99 3067 155 3121 aula
176 3070 337 3149 apparebat,
366 3078 512 3139 postremus
534 3069 646 3123 omnium
668 3066 881 3138 magistratuum,
912 3076 941 3120 ut
964 3083 1045 3135 supra
1070 3065 1192 3130 diximus,

98 3137 262 3205 ingrediens,
283 3138 434 3208 primusque
455 3138 609 3207 egrediens,
637 3138 804 3209 imperatoris
824 3136 915 3205 effigie
935 3135 1019 3206 ipsius
1036 3133 1093 3187 loco
1111 3133 1192 3187 comi-

99 3213 181 3273 tatus,
205 3223 280 3260 mane
298 3207 360 3260 inde
377 3207 536 3278 imperatore
552 3208 662 3278 primum
689 3204 891 3259 silentiariorum
915 3203 1126 3273 (admissionalis
1142 3221 1192 3256 uo-

99 3276 182 3341 catur)
199 3276 232 3328 ad
246 3293 303 3329 cum
318 3276 448 3345 mittente,
466 3277 511 3346 qui
526 3277 602 3330 flexis
618 3275 729 3347 genibus
744 3293 811 3343 eum,
828 3284 858 3329 ut
875 3275 902 3327 in
919 3273 1003 3328 aulam
1020 3272 1133 3341 veniret,
1149 3272 1192 3325 in-

99 3343 214 3466 lpitabat3
231 3342 275 3397 ille
289 3354 375 3398 autem
390 3345 445 3415 vix,
462 3355 490 3401 et
505 3347 575 3416 quod
591 3345 757 3399 vexationem
773 3363 802 3399 se
818 3344 950 3414 indignam
965 3347 1084 3414 putabat,
1101 3359 1192 3396 move-

118 3421 182 3465 atur.

166 3482 206 3535 18.
241 3480 336 3534 Restat
357 3490 386 3535 ut
404 3483 438 3537 de
460 3481 617 3537 officialibus
633 3487 755 3537 accurate
773 3480 947 3553 explicemus,
973 3490 1039 3551 quot
1053 3486 1082 3535 et
1097 3481 1192 3550 qartus

100 3549 220 3619 catalogis
239 3550 505 3621 comprehendantur,
533 3552 787 3621 consuetudinesque
808 3559 835 3604 et
852 3568 937 3604 morea
954 3567 1114 3604 enarremus.
1149 3557 1192 3599 et-

100 3620 162 3674 enim
177 3636 331 3702 persuasum
350 3620 449 3689 liabeo,
475 3620 525 3675 iam
543 3640 577 3675 no
594 3622 743 3675 memoriam
763 3620 867 3690 quidem
885 3637 973 3672 eorum
990 3621 1036 3689 qui
1049 3635 1133 3703 nuper
1148 3615 1192 3668 ia-

99 3688 216 3743 terienut
227 3696 376 3772 superesse,
394 3691 492 3762 quippe
506 3708 562 3744 cum
575 3691 692 3744 homines
708 3688 803 3759 ignari,
821 3707 906 3759 neque
919 3688 997 3742 ullum
1010 3687 1102 3741 tudini
1118 3701 1191 3738 usum

98 3757 229 3824 habentes,
246 3756 280 3811 irs
298 3758 424 3813 insultent
439 3777 506 3829 quae
522 3761 582 3813 olim
595 3760 748 3831 peritissimi
762 3777 793 3812 ac
806 3759 981 3812 venerandam
996 3757 1047 3810 iam
1064 3757 1099 3808 ad
1113 3770 1189 3806 sene-

101 3834 190 3881 ctutem
202 3828 323 3898 provecti
340 3846 397 3882 com
416 3829 485 3883 votis
501 3829 547 3882 vix
561 3829 743 3884 tractaverint.
779 3828 821 3881 lex
840 3828 907 3880 enim
925 3836 997 3893 erat,
1022 3841 1106 3893 eaque
1122 3821 1190 3875 scri-

102 3906 157 3966 pto,
181 3895 278 3949 nemini
300 3914 408 3967 prorsus
434 3899 467 3952 ad
484 3916 574 3953 munus
590 3899 718 3953 adiutoria
734 3898 894 3951 adscendere
910 3895 1079 3980 permittens,
1102 3891 1190 3961 prins-

101 3982 171 4035 quam
188 3973 217 4018 et
232 3967 336 4034 generis
357 3968 494 4021 honestate
511 3974 539 4020 et
554 3966 700 4021 liberalium
713 3965 845 4020 literarum
860 3982 936 4033 copia
949 3972 1065 4029 ornatus,
1083 3977 1190 4013 novem-

102 4051 149 4104 que
166 4050 246 4087 sanos
264 4035 292 4087 in
310 4036 428 4089 codicillo
447 4036 529 4102 (inter
547 4038 715 4106 exceptores)
734 4033 842 4118 egregie
856 4039 977 4086 versatus
995 4041 1074 4100 atque
1091 4045 1190 4083 omnem

102 4119 179 4158 reram
196 4119 271 4157 usam
284 4104 404 4187 adeptus,
421 4104 530 4159 iuvenili
546 4122 650 4176 quoqne
667 4105 778 4159 audacia
793 4104 821 4155 in
836 4102 988 4155 modestiam
1005 4107 1117 4168 mutata,
1142 4097 1192 4150 lno-

103 4170 166 4225 norir
179 4178 232 4225 tam
247 4172 396 4296 splendidi,
421 4182 552 4244 potestate
575 4193 627 4233 nou
647 4190 731 4247 parva
754 4182 783 4228 ct
805 4171 878 4225 locro
894 4170 954 4227 olim
970 4169 1039 4224 mille
1055 4182 1192 4225 aureorum

102 4241 242 4310 gaudentis,
274 4242 350 4312 ignes
367 4242 512 4298 videretur.
