2742 4642
197 349 324 398 xxxrm
487 329 602 397 nasu
625 328 684 396 DE
708 325 867 395 ῙΟΔΝΝΕ
892 324 1010 393 troo

197 531 319 590 fortuna
330 528 381 590 hic
393 529 503 605 etiam,
523 538 558 589 ut
571 548 680 608 saepe,
709 548 817 609 parum
828 545 925 609 aequa
941 528 1010 586 fuir.
1053 544 1126 587 nam
1143 544 1233 601 mm,
1266 534 1303 585 ut

200 632 391 708 dictumest,
420 633 540 713 Cpolim
559 634 670 692 missus
693 642 789 707 esset,
820 629 1022 711 dilectamque
1040 647 1127 689 suam
1140 628 1302 687 Graeciam

200 736 283 793 velut
296 733 497 813 redintegrato
517 754 618 793 amore
639 736 886 814 complecteretur
909 731 966 810 (eo
983 731 1094 790 melius
1110 749 1171 811 quo
1185 731 1302 810 publici

200 839 335 896 muueris
353 836 510 895 auctoritas
524 838 721 917 opportunior
736 833 823 913 erat),
845 833 1028 914 haberetque
1040 852 1143 893 secum
1157 830 1302 891 eruditis-

201 941 314 999 aimum
328 936 485 999 hominem
498 941 643 997 loannem
656 940 694 996 B.
709 940 743 997 0.
757 936 885 997 d'Ansse
902 934 941 995 de
955 937 1112 1011 Villoison,
1132 937 1169 1009 is,
1188 945 1223 993 ut
1236 943 1302 993 arat

202 1042 365 1099 acerrimus
387 1042 581 1122 antiquorem
601 1038 740 1099 oodioum
756 1041 967 1119 investigator,
993 1041 1176 1099 Graecorum
1192 1055 1303 1097 mona·

68 1161 97 1215 p.
112 1157 187 1199 mu
202 1142 293 1201 steria
307 1139 471 1221 percupide
485 1139 619 1224 quidem,
636 1141 692 1203 sed
705 1142 813 1203 frustm
826 1144 1021 1201 concursarit.
1063 1160 1133 1201 oum
1147 1150 1250 1199 autem
1262 1136 1304 1197 ad

202 1246 372 1325 Bosporum
384 1247 417 1303 in
433 1243 604 1305 suburbano
619 1245 727 1305 Graeci
742 1242 899 1304 cuiusdam
916 1245 1030 1305 literati
1054 1264 1095 1309 ax
1115 1242 1304 1303 &nstantini

203 1348 317 1405 Morari
341 1347 485 1425 principis
509 1346 655 1405 affinitate
675 1348 770 1408 libros
794 1345 942 1430 quosdam
962 1358 1078 1407 veteres
1099 1354 1303 1427 pertractaret,

201 1449 318 1508 invenit
333 1467 402 1506 oum
415 1449 490 1509 alios
501 1451 666 1528 pretiosos,
690 1460 758 1510 tum
775 1451 808 1509 in
821 1452 928 1531 primis
945 1470 1041 1509 unum
1057 1447 1137 1529 Lydi
1152 1466 1245 1527 opera
1263 1443 1303 1504 da

202 1552 335 1609 (latentis
350 1546 677 1631 dequehlagistratibus
693 1555 906 1613 coutinentem.
948 1550 1031 1612 huuc
1046 1554 1148 1611 atatim
1160 1551 1304 1611 illustria·

202 1655 281 1713 aimo
296 1653 396 1732 legato
412 1652 451 1713 de
466 1651 610 1715 Choisaul
622 1654 755 1733 indicat3
788 1657 842 1737 qui
856 1674 927 1713 cum
940 1654 1137 1733 significasset
1150 1673 1183 1713 se
1198 1655 1231 1711 iu
1247 1649 1305 1710 da·

203 1753 314 1814 siderio
335 1774 400 1814 esse
421 1757 486 1816 eius
501 1755 628 1833 oodicis,
656 1779 729 1818 eum
749 1758 840 1840 paulo
860 1766 928 1839 post
947 1776 965 1817 a
981 1758 1175 1817 Constantino
1190 1755 1306 1815 biomsi

200 1859 339 1938 principe
355 1855 433 1916 douo
448 1861 572 1938 accepit.
606 1872 669 1920 erat
682 1863 801 1921 enimis
817 1862 1028 1921 Constantinus
1042 1861 1098 1918 Bei
1111 1859 1225 1917 Mortui
1238 1867 1307 1916 tum

202 1963 268 2041 ipse
282 1969 369 2018 acuto
384 1968 413 2018 et
426 1959 549 2021 subacto
563 1963 705 2042 iugenio,
728 1976 795 2023 tum
816 1962 958 2023 adversus
976 1963 1109 2021 literatos
1123 1959 1223 2021 studio
1239 1962 1306 2019 sin-

203 2062 320 2141 gulari3
353 2080 482 2144 cumque
503 2065 595 2144 paulo
609 2077 678 2126 ante
694 2064 870 2128 valachiam
883 2083 1002 2125 summo
1018 2083 1087 2122 cum
1102 2065 1230 2144 imperio
1248 2060 1306 2121 ad·

202 2165 415 2240 ministrasset,
454 2174 527 2225 hmo
546 2170 580 2226 iu
600 2165 694 2228 hortis
717 2167 758 2227 ad
776 2169 946 2247 Bosporum
970 2166 1188 2227 amoenissimis
1210 2166 1306 2245 inqua

202 2266 329 2326 mirifica
343 2267 489 2327 librorum
503 2288 626 2330 auorum
639 2269 822 2331 bibliotheca
833 2269 977 2327 felicitate
991 2271 1088 2347 magia
1100 2268 1201 2327 stabili
1212 2286 1307 2348 quam

203 2387 339 2449 uuquam
352 2379 439 2427 antea
455 2369 619 2429 fruebatur.
661 2374 706 2430 ita
724 2369 781 2431 hos
803 2371 1005 2451 amplissimos
1024 2374 1122 2445 viros,
1154 2389 1230 2452 quos
1242 2371 1305 2428 iam

204 2472 369 2528 sociaverat
383 2468 551 2557 studiorum
563 2472 741 2549 similitudo,
763 2483 828 2532 tum
840 2475 938 2553 magis
952 2477 1044 2532 etiam
1058 2476 1215 2533 coniunxit
1224 2471 1308 2553 Lydi

202 2570 282 2630 liber
296 2570 375 2632 dono
390 2575 501 2633 missus
516 2582 546 2630 et
564 2584 714 2652 acceptus,
738 2574 994 2655 quemadmodum
1012 2579 1142 2657 antiquis
1158 2577 1306 2655 tempori·

203 2674 272 2750 bus,
294 2674 333 2734 ad
347 2696 425 2758 quae
439 2696 529 2755 saspa
545 2677 681 2734 animum
695 2677 743 2735 illi
757 2678 926 2737 referebant
941 2698 1039 2754 suurn,
1055 2680 1151 2739 claros
1166 2675 1307 2739 homines

203 2776 335 2858 legimus
347 2781 447 2841 xeniis
459 2780 537 2838 ultro
554 2781 687 2860 citroque
704 2777 783 2839 datis
798 2782 962 2841 amicitiam
977 2780 1178 2840 confirmasse.

142 2890 184 2951 29
290 2883 468 2962 Quanquam
478 2902 517 2940 ne
530 2884 574 2941 sio
586 2879 712 2963 quidem
723 2881 829 2963 Lydus
844 2886 947 2943 statim
959 2885 1060 2943 lucem
1075 2885 1204 2964 aspexit,
1223 2879 1308 2962 quod

205 2984 239 3041 iu
252 2995 411 3043 consecuta
426 2986 512 3063 regni
526 2985 636 3043 Gallici
650 2987 804 3045 eversione
818 2987 977 3068 subitoque
991 3005 1080 3061 casu,
1109 3004 1170 3066 quo
1185 2987 1309 3063 Europa

73 3103 102 3155 p·
117 3104 187 3143 sur
206 3087 305 3146 omnis
323 3089 518 3163 contremuit,
550 3087 654 3147 nuhaa
674 3084 762 3166 hyde
779 3087 864 3147 locus
880 3100 1044 3169 supererat.
1086 3107 1158 3146 nam
1173 3089 1310 3167 primum

203 3189 270 3266 ipse
285 3185 395 3248 oodiois
411 3208 582 3269 possessor,
610 3200 730 3249 coaetus
751 3193 866 3269 patriae
882 3191 957 3251 fines
972 3190 1109 3251 fidelitati
1124 3210 1196 3251 suae
1211 3190 1309 3248 inter-

206 3288 303 3349 dictos
313 3290 403 3369 longa
414 3303 592 3372 respectare,
615 3309 694 3373 aqua
707 3291 859 3370 legatione
872 3295 906 3352 in
917 3296 1046 3354 exilium
1059 3293 1229 3352 voluntaria
1240 3293 1308 3351 rica

205 3388 376 3467 traductus,
404 3413 422 3450 a
435 3394 632 3455 serenissima
646 3396 800 3472 Augrnta,
833 3413 910 3475 quae
925 3407 997 3456 tunc
1009 3397 1192 3457 latissimum
1206 3394 1310 3473 irnpe-

206 3495 287 3553 rium
299 3497 469 3576 aquilonari
484 3498 573 3578 plaga
586 3497 717 3578 gloriose
733 3497 928 3576 gubernabat,
950 3509 984 3559 nt
1000 3496 1040 3557 ad
1055 3516 1124 3559 eam
1137 3517 1171 3556 se
1188 3494 1311 3567 conier-

205 3606 252 3655 ret
266 3594 565 3660 honorificentissime
577 3600 722 3659 inritatus
739 3610 795 3660 est.
837 3620 899 3683 quo
911 3621 981 3661 cum
994 3600 1175 3675 secessisset,
1194 3606 1225 3656 at
1239 3597 1309 3676 ipsa

207 3701 313 3779 quanti
328 3721 398 3759 eum
410 3702 538 3777 faceret,
566 3711 714 3782 quantum
729 3699 880 3777 crederet,
903 3700 1082 3763 documenta
1097 3703 1232 3760 maxima
1250 3697 1309 3757 de-

206 3799 270 3879 dit3
299 3815 329 3862 et
347 3804 426 3864 filius
441 3808 516 3863 item
529 3805 593 3864 eius
606 3804 733 3862 meliore
747 3804 867 3863 fortuna
881 3802 990 3883 dignm
1006 3806 1119 3863 Paulus
1134 3806 1309 3882 imperator,

205 3925 275 3964 omn
290 3918 368 3966 esset
382 3908 501 3967 liberali
518 3926 553 3964 ac
566 3924 678 3985 magno
693 3909 795 3965 animo
809 3904 962 3987 praeditus
983 3908 1130 3985 iustisque
1153 3917 1244 3986 atque
1257 3923 1310 3962 re-

205 4011 260 4068 ctis
274 4011 489 4084 voluntatibus,
511 4010 733 4088 amplissimum
745 4012 843 4067 virum
857 4008 1008 4067 beneficiis
1024 4009 1164 4088 plurimis
1180 4007 1311 4080 ornavit,

208 4112 353 4171 afflictum
370 4115 477 4187 erexit,
499 4113 610 4170 extorri
624 4121 749 4190 penates
764 4109 1000 4191 dignitatemque
1016 4109 1161 4170 reddidit:
1179 4105 1313 4166 mando-

206 4214 251 4269 vit
266 4211 389 4273 demum
404 4232 577 4293 supremum
591 4232 695 4273 curam
706 4232 776 4271 cum
791 4215 927 4272 omniurn
944 4211 1194 4273 bibliothecarum
1209 4213 1314 4289 irnpe-

209 4314 331 4373 rialium
341 4324 409 4373 tum
422 4313 594 4375 academiae
608 4316 783 4391 Caesareae,
805 4332 863 4396 qua
878 4313 956 4374 nihil
970 4334 1098 4396 usquam
1112 4313 1315 4392 magnificen-
