2742 4642
168 328 265 379 mn
470 252 970 378 nosnneroroneurno

169 508 297 573 emenda
318 504 369 574 cdv
394 502 523 592 σελήνης
536 505 622 574 olma
636 505 809 585 initiato.
850 511 907 569 lin·
921 507 942 574 4
956 518 987 569 at
1001 508 1022 575 6
1036 500 1111 572 data
1124 500 1189 572 duo*
1203 507 1262 572 aori

168 621 204 691 a
227 611 281 677 erl
304 611 440 677 maaca
462 607 522 694 aiv
544 607 698 694 meaa
727 605 788 675 eut
814 615 869 693 tic
891 614 1071 693 σεληνιακῆς
1093 611 1263 692 awerthe

167 714 245 780 nurci
256 709 331 790 roric
346 710 542 795 oalmronoric
554 717 653 796 μῆνας
669 708 842 795 ληψόμεθα
857 717 920 778 πᾶν
932 717 1069 797 βροντᾶν
1083 711 1261 790 διάσκεψιν

167 816 297 879 emenda
317 811 392 881 dora
412 811 475 881 aiod
493 821 550 881 rori
567 815 714 899 καρκίνον
735 815 789 879 nal
805 814 942 882 incito
954 812 1011 898 aria
1025 812 1179 898 Ιφὴμερον
1197 807 1262 880 aiud

166 925 223 1003 τῆς
236 923 415 1001 σεληνιακῆς
427 919 595 1001 νουμηνίας
607 912 871 1000 διακοσμήσαντες,
890 914 968 982 ruod
981 913 1054 994 rode
1064 914 1264 999 σεληνιακοΰς

167 1029 270 1108 μῆνας
287 1018 452 1104 ληψόμεθα
469 1026 532 1086 cair
550 1023 688 1104 βμοηὸν
705 1017 763 1103 τήν
778 1020 949 1101 lumnam
990 1040 1046 1080 nec
1058 1021 1176 1080 seniora
1189 1029 1261 1080 cunt

167 1146 245 1209 quae
264 1137 447 1208 reqnuntur:
482 1135 517 1184 ut
538 1121 708 1204 ephemeris
724 1125 796 1200 illa,
830 1120 1086 1206 quemadmodum
1110 1134 1156 1182 art
1176 1119 1261 1202 apud

165 1231 375 1311 Rutgerrium,
395 1246 458 1287 non
471 1236 534 1286 tam
548 1246 619 1286 rere
631 1224 711 1307 Lydi
722 1246 779 1285 noo
791 1245 934 1306 germana
950 1244 1042 1308 quam
1054 1226 1157 1288 vitiata
1170 1243 1261 1306 pror-

166 1352 218 1393 rua
230 1343 261 1391 et
273 1330 440 1391 adulterina
451 1348 517 1389 erae
527 1330 635 1388 merito
647 1331 688 1388 oit
701 1326 844 1408 putanda.

103 1436 148 1501 28
251 1434 374 1493 Tertiae
397 1442 498 1491 autem
524 1429 563 1491 ad
586 1429 772 1510 vulgandum
793 1428 873 1512 Lydi
901 1429 1018 1515 aliquid
1037 1451 1071 1492 re
1097 1428 1261 1509 applicavit

166 1536 329 1596 acerrimus
345 1531 527 1594 ineditorum
541 1534 685 1593 librorum
697 1534 905 1613 Investigatur,
934 1537 998 1595 beo
1011 1534 1141 1595 Allatlua
1153 1530 1259 1608 Chim,

166 1658 238 1699 cum
250 1635 418 1698 Alexandri
428 1656 474 1697 vn
483 1635 658 1718 pontificatu
668 1633 884 1696 bibliothecam
896 1638 1072 1697 Vaticanum
1084 1634 1260 1696 curtodiret.

166 1742 239 1803 icat
253 1743 398 1801 maiorem
414 1741 565 1820 epitomen
577 1739 647 1799 libri
661 1736 867 1800 (lobiensibus
884 1740 917 1798 in
937 1738 1005 1801 cod.
1016 1741 1179 1800 barberino
1196 1741 1261 1804 177

70 1869 100 1924 p.
108 1865 151 1906 ιιι
167 1842 244 1925 (vid.
259 1863 349 1923 cupra
365 1864 397 1924 p.
410 1839 526 1921 mvi)
539 1844 573 1901 in
584 1842 724 1901 manibus
737 1839 856 1902 ridetur
866 1840 1025 1918 habuiare3
1051 1854 1081 1903 et
1096 1852 1261 1923 postquam

165 1945 381 2007 bibliothecam
390 1946 558 2004 Palatinam
576 1943 778 2025 Heidelberga
796 1946 830 2003 in
849 1945 956 2004 urbem
974 1947 1040 2026 ipro
1054 1944 1259 2018 transtulerat,

164 2050 313 2108 minorem
329 2068 346 2107 a
361 2045 496 2107 Phrada
511 2048 622 2106 factam
634 2049 667 2106 in
680 2045 728 2106 cd.
740 2048 877 2107 Palatino
893 2045 974 2123 1413
1003 2066 1060 2107 nec
1074 2047 1174 2105 minna
1191 2044 1261 2125 pri·

164 2170 251 2210 mum
263 2160 293 2209 et
303 2152 425 2210 tertium
436 2150 639 2228 fragmentum
650 2149 721 2209 libri
734 2149 772 2210 da
785 2151 933 2227 Oetentia,
953 2151 1097 2228 nimirum
1110 2144 1262 2228 epheme-

163 2251 263 2312 ridem
281 2249 396 2333 Nigidii
415 2252 517 2330 Figuli
529 2254 563 2310 in
576 2253 714 2312 Palatino
726 2256 806 2329 812,
827 2250 1036 2313 kalendarium
1053 2252 1100 2312 cl.
1114 2252 1210 2311 Tucci
1223 2250 1260 2309 in

163 2355 422 2420 Barbarino177·
474 2372 551 2435 quae
574 2373 612 2412 au
633 2356 735 2414 omnia
756 2352 845 2414 edera
863 2357 1009 2433 voluerit,
1036 2374 1098 2415 non
1122 2362 1259 2412 conatatt

163 2459 311 2516 maiorem
330 2455 483 2537 epitomen
504 2455 575 2514 libri
594 2452 632 2514 de
648 2456 802 2516 Mentibus
826 2457 957 2518 voluiaae
973 2456 1087 2517 indicat
1105 2453 1260 2515 indiculus

163 2559 349 2639 Συμμίκτων
368 2558 448 2631 eiua,
474 2557 512 2615 ab
527 2555 648 2617 Andrea
661 2556 845 2619 Peoehiullio
856 2561 970 2620 Romae
984 2561 1082 2635 1668,
1110 2558 1147 2635 4,
1175 2557 1259 2618 tom

164 2657 263 2735 datua,
279 2678 297 2717 a
309 2658 505 2740 Fabricioque
520 2680 639 2721 recuom
652 2662 731 2720 Bibl.
747 2663 798 2721 Gr.
811 2662 873 2721 vol.
889 2661 928 2727 14
941 2682 974 2741 p·
988 2662 1118 2736 1—213
1140 2660 1192 2720 uhi
1205 2661 1260 2719 iu·

163 2772 211 2821 ter
230 2780 268 2819 ea
289 2761 397 2842 quibua
416 2762 528 2822 librum
540 2773 679 2844 quartum
693 2764 927 2844 Symmiotorum
939 2766 1100 2824 terminare
1113 2771 1260 2821 statuerat

163 2865 311 2941 Allatiua,
345 2867 534 2944 reperiuntur
558 2887 590 2947 p.
609 2871 629 2933 6
647 2886 700 2926 uo.
716 2868 759 2934 46
783 2861 845 2926 “ea
861 2868 977 2927 Ioanne
995 2864 1261 2944 Philadelphum

164 2977 314 3046 mapsa,
334 2968 394 3026 5²10·
418 2961 536 3048 Ὀρθῶς
553 2966 612 3052 ἄρα
630 2969 663 3034 ol
680 2966 717 3032 td
735 2964 853 3052 μυθικὰ
866 2965 918 3034 τὸν
932 2960 1051 3051 Κρὸνον
1063 2964 1135 3042 corio
1147 2967 1260 3031 ἑαυτοῦ

162 3067 315 3143 παῖδας·”
336 3068 419 3149 quod
435 3090 501 3131 eoae
514 3074 633 3132 initium
646 3073 768 3132 maiorir
780 3073 863 3132 illiue
878 3074 1026 3153 epitomae
1038 3092 1071 3152 p.
1085 3090 1187 3130 mar
1200 3067 1259 3129 da·

162 3173 403 3230 monstravimus.
430 3170 1259 3254 redAllatioa.1669pootlabor10aiaoimeaotamritam

164 3275 329 3348 exstincto,
356 3293 458 3333 ruroua
479 3293 576 3333 amaa
595 3274 746 3356 quaedam
761 3279 921 3338 vaticanae
940 3275 1140 3336 bibliothecae
1158 3275 1258 3337 offuaa

165 3376 262 3454 caligo
277 3385 338 3451 eat,
359 3373 442 3456 quod
453 3377 506 3458 qui
519 3376 548 3433 ei
562 3380 700 3454 proxime
713 3390 932 3456 memorarunt,
954 3380 981 3439 ai
997 3381 1096 3439 minua
1112 3399 1131 3438 a
1143 3378 1259 3440 doctri·

163 3494 221 3550 na‚
244 3486 322 3535 certe
338 3477 376 3536 ab
388 3476 534 3537 induatrIa
547 3478 610 3536 eiua
627 3481 758 3539 multum
772 3483 909 3558 aberant3
937 3502 994 3541 neo
1008 3482 1062 3540 illa
1074 3482 1107 3537 in
1119 3489 1186 3538 octo
1197 3499 1260 3559 po·

164 3579 302 3638 ateriorer
313 3579 546 3659 symmictorum
558 3580 650 3640 libror
662 3582 819 3643 referenda
833 3584 874 3644 ad
886 3584 947 3650 175
962 3594 1024 3643 tam
1038 3584 1152 3641 Graeca
1163 3600 1257 3662 quam

163 3682 271 3739 Latina
287 3684 446 3762 opuscula,
468 3701 596 3763 quorum
608 3685 751 3767 pleraque
764 3707 802 3746 ne
814 3684 905 3744 hodie
918 3682 1041 3766 quidem
1053 3685 1153 3743 lucem
1168 3680 1258 3742 ride·

163 3795 233 3843 runt
244 3804 301 3844 nec
315 3805 449 3867 unquam
461 3785 622 3863 videbunt,
644 3798 711 3847 tum
725 3799 794 3849 runt
806 3811 823 3848 e
836 3790 1012 3849 acriniorum
1024 3788 1155 3846 tenebris
1166 3787 1204 3846 ab
1220 3789 1259 3847 eo

51 3907 80 3959 p.
94 3903 147 3945 nm
165 3896 258 3945 eruta.
301 3890 375 3946 item
395 3891 593 3949 instrumento
615 3890 747 3951 literaria
767 3893 832 3951 einr
849 3889 1055 3971 inchoatisque
1069 3898 1258 3949 commenta·

163 3990 226 4063 riis,
247 3992 300 4069 qui
317 4000 402 4049 erant
412 4010 523 4069 magno
537 4011 679 4069 numero,
702 3995 812 4054 inferta
823 3992 967 4075 posthaec
977 3993 1098 4053 forama
1107 3992 1175 4065 fuit,
1196 3991 1258 4049 niai

163 4092 190 4150 ai
208 4110 283 4170 quoa
298 4094 408 4151 literati
422 4096 479 4152 riri
494 4095 531 4152 ab
544 4097 667 4155 interitu
679 4095 920 4172 vindicaverunt,
950 4096 1033 4155 velut
1047 4090 1257 4175 apographum

163 4194 312 4270 epitomae
327 4193 481 4275 Lydianae
494 4197 580 4256 abeo
595 4200 725 4273 iactum3
755 4197 837 4279 quod
855 4208 888 4257 et
901 4196 978 4258 vidit
988 4201 1101 4258 Rornae
1114 4196 1257 4256 Nicolaua

163 4291 284 4373 Sohow,
306 4307 337 4357 et
350 4296 389 4356 ad
406 4296 569 4360 editionem
581 4301 651 4360 libri
665 4300 703 4361 de
717 4303 872 4363 blamibua
887 4312 966 4361 recte
980 4299 1128 4360 adhibuit.
