2742 4642
500 328 851 401 constantemve
1167 353 1236 401 scr

123 543 217 617 taque
237 540 325 614 parto
343 541 413 615 post
434 532 491 594 rot.
510 530 553 598 44
579 532 653 593 iulis
673 542 795 593 snecta
815 530 876 593 duo
890 539 971 593 sunt.
1013 533 1117 594 omnia
1135 542 1237 596 auteur

120 638 187 702 102
206 637 281 696 folia
300 637 356 697 illa
374 633 499 695 madore
519 654 556 695 as
572 646 722 696 vetustate
736 635 826 696 vaide
842 647 913 697 aunt
929 635 1110 723 depravata,
1137 654 1237 720 usque

120 759 160 799 eu
175 749 212 799 ut
224 741 289 799 iam
301 740 429 801 Villoiso
442 740 595 820 scripserit
613 738 800 819 (Prolegom.
819 737 859 798 sd
874 736 962 798 iliad.
976 759 1009 819 p.
1022 739 1078 821 46)
1099 738 1235 801 codicem

117 861 208 902 mero
221 860 334 921 magna
347 860 388 901 ex
403 851 489 921 parte
500 842 545 901 ita
559 852 732 921 comptum
748 862 824 918 esse,
843 852 879 902 ut
891 842 1047 901 literarum
1059 841 1168 903 ductus
1180 846 1236 904 vix

119 946 249 1024 agnosci
262 953 395 1026 queant,
416 945 510 1026 inque
527 944 605 1005 cella
620 945 736 1004 nnana
751 946 852 1025 potius
870 964 941 1003 sum
959 963 1051 1027 quana
1069 946 1103 1005 in
1120 947 1254 1006 biblio·

120 1046 214 1108 theca
229 1057 416 1107 asservatum
430 1045 538 1106 videri.
581 1065 758 1130 quanquam
774 1049 877 1129 ipsum
890 1068 998 1129 corpus
1015 1047 1128 1109 codicis
1143 1050 1235 1130 paulo

120 1153 225 1211 minus
238 1149 382 1211 affectum
396 1162 453 1213 est.
495 1150 592 1209 multo
606 1152 704 1230 magis
720 1170 792 1211 reru
805 1151 945 1210 abiuncta
962 1152 1046 1226 folia,
1067 1150 1166 1211 lacera
1180 1154 1235 1211 itta

121 1253 252 1338 quidem
273 1264 304 1313 et
320 1255 436 1314 cariosa
458 1262 490 1313 et
509 1254 619 1333 partim
639 1256 761 1334 penitus
779 1252 954 1333 desperata,
984 1265 1019 1314 ut
1038 1255 1071 1313 ia
1095 1253 1236 1334 legendis

121 1359 186 1417 iuis
197 1376 262 1418 non
274 1359 375 1416 minor
385 1354 489 1417 herulo
503 1356 589 1416 labor
602 1376 668 1417 esse
681 1355 820 1417 videatur
837 1375 930 1438 quam
944 1358 978 1416 iu
991 1355 1168 1417 evolvendis
1185 1360 1236 1417 in·

123 1459 387 1543 terpretsndisqus
409 1460 684 1520 Herculanensibus
709 1460 933 1535 voluminibus,
965 1478 1096 1542 quorum
1119 1461 1237 1541 aiiquct

124 1565 254 1644 Neapoli
270 1564 403 1623 Parisios
423 1564 567 1624 meruleta
591 1563 745 1623 interdum
763 1563 886 1644 inspexi
900 1572 931 1622 st
945 1565 1082 1623 tractavi.
1124 1582 1237 1646 quam-

128 1668 248 1742 obrem,
270 1666 369 1726 sicubi
385 1685 468 1726 error
480 1665 589 1726 editori
601 1667 738 1727 abiectus
755 1677 801 1727 est
815 1669 849 1726 in
863 1678 928 1726 tam
943 1668 1035 1746 longo
1049 1667 1168 1742 laboro,
1191 1678 1237 1728 est

127 1772 175 1847 si,
202 1790 266 1829 non
281 1767 350 1829 dico
365 1770 454 1829 venia
466 1766 566 1829 danda
588 1769 666 1851 (aec
684 1772 768 1829 enim
782 1770 848 1830 fieri
863 1780 963 1850 potest
981 1782 1015 1831 ut
1036 1772 1069 1829 in
1081 1769 1234 1830 eiusmodi
1246 1796 1275 1852 p.
1287 1795 1358 1835 sn·

100 1860 105 1871 ’
125 1875 323 1957 quantumvis
345 1881 513 1951 expurgato
538 1893 628 1954 opera
652 1894 714 1935 non
737 1875 840 1957 aliqua
862 1875 993 1954 supersit
1013 1873 1156 1961 macuta)
1172 1874 1237 1954 ssd,

126 1975 212 2060 quod
227 1997 292 2037 ram
306 1974 519 2035 difficillimam
532 1978 665 2058 suscepit
677 1973 821 2060 quodque
833 1978 878 2037 sic
893 1977 1031 2057 perfecit,
1047 1979 1114 2039 luas
1125 1999 1237 2061 perps-

124 2090 180 2139 tua
193 2077 364 2140 tribuenda.

213 2181 294 2257 Quid
313 2177 397 2264 quod
415 2181 483 2261 ipse
501 2177 619 2255 aditor,
648 2179 727 2239 sicut
745 2189 867 2239 textum
886 2180 1041 2260 corrigens
1057 2200 1120 2241 non
1140 2184 1238 2245 umal
1257 2189 1302 2255 36

124 2303 253 2346 snscum
266 2283 445 2344 amicissima
457 2283 707 2358 communicavit,
736 2282 779 2342 ita
799 2284 947 2364 impresso
968 2301 1050 2345 naac
1067 2304 1181 2366 opera,
1201 2297 1238 2348 nt

128 2385 171 2446 de
186 2388 340 2446 nonnullis
355 2387 503 2466 suspectis
518 2382 597 2445 mihi
608 2386 683 2446 locis
693 2405 777 2468 qnae
790 2385 966 2447 vider-entur
979 2384 1169 2465 disssoerem
1186 2408 1238 2447 ms
1350 2460 1353 2469 Α

127 2492 257 2569 rogarit.
300 2492 385 2549 cuins
400 2490 550 2549 amicitias
563 2489 725 2568 gessissem
737 2509 813 2550 sans
824 2510 960 2569 morsm,
989 2493 1238 2574 suspicionesque

128 2591 181 2653 his
202 2611 290 2653 meas
308 2594 424 2674 aliquot
448 2591 674 2653 adiunxissem:
707 2589 763 2652 sod
779 2612 815 2652 ea
830 2590 882 2653 hic
899 2596 1041 2676 persequi
1059 2613 1121 2654 nou
1135 2596 1237 2654 miuus

127 2716 179 2755 me
195 2697 292 2755 vetnit
303 2693 396 2756 huius
408 2696 667 2755 commentationis
680 2695 852 2756 iustimtmn
863 2716 956 2778 qnam
968 2698 1094 2777 religio,
1115 2716 1156 2756 ne
1168 2698 1238 2755 mni

130 2797 171 2858 de
184 2800 410 2879 lilagistratibus
432 2797 524 2858 editio
544 2818 599 2877 per
618 2818 668 2857 ma
689 2799 810 2877 longius
834 2798 981 2861 trahatur.
1024 2818 1118 2881 quare
1141 2818 1240 2881 qaas·

129 2920 251 2985 suque
260 2912 422 2983 supersunt
435 2899 595 2977 eiusmodi,
617 2919 758 2982 quaeque
772 2912 948 2962 anuomam
962 2900 1001 2962 de
1011 2904 1135 2982 ingenio
1146 2900 1239 2983 Lydi,

130 3003 171 3066 ds
183 3005 328 3082 fontibus,
344 3003 382 3065 de
393 3008 564 3084 graecitate,
580 3001 618 3063 de
631 3002 799 3063 eruditione
809 3006 928 3080 Latina,
944 3023 981 3064 sa
993 3009 1073 3064 notis
1083 3007 1114 3063 in
1126 3006 1241 3067 libne·

128 3106 171 3168 de
186 3111 320 3170 ostentis
340 3108 521 3170 rosemunda
542 3107 631 3169 duco.
675 3108 767 3167 statui
785 3109 869 3166 anim
883 3107 924 3167 ad
937 3109 1025 3167 istius
1040 3108 1112 3167 libri
1129 3106 1241 3167 editio·

128 3231 205 3271 nem
218 3214 355 3273 animum
370 3214 515 3289 conferre,
538 3209 786 3295 quandoquidem
795 3212 979 3273 Graecorum
993 3233 1035 3272 ex
1050 3213 1139 3272 Italia
1152 3211 1240 3271 nobis

128 3316 293 3376 allatorum
316 3313 472 3391 codicum,
516 3316 626 3398 quibus
647 3316 801 3394 impertiri
821 3318 938 3396 integra
959 3313 1069 3376 horum
1091 3331 1240 3374 annorum

129 3417 243 3496 studia,
257 3438 355 3500 paene
368 3417 513 3478 adfinem
529 3417 652 3478 adducti
668 3418 797 3496 catalogi
810 3430 890 3494 sunt,
908 3438 1037 3501 sumque
1051 3420 1188 3491 solutior,
1203 3433 1241 3475 ea

129 3540 224 3601 opera
232 3522 517 3602 profligatumque.
540 3518 1243 3602 accediturquasingulariliberalitatsririllu·

130 3625 202 3683 stria
217 3621 256 3681 de
270 3621 414 3684 Choireai
434 3645 510 3707 opus
530 3623 568 3683 de
580 3623 806 3703 Magistratibus
825 3643 881 3683 suo
901 3622 1057 3703 impendio
1077 3621 1242 3681 atenebris

129 3728 165 3785 in
177 3728 279 3786 lucem
293 3731 440 3803 evocavit,
463 3726 570 3787 eadem
580 3727 693 3787 librum
706 3723 744 3785 de
757 3729 888 3788 Ostentis
898 3729 983 3803 velit,
1005 3744 1101 3807 asqne
1109 3725 1243 3800 narium,
1255 3740 1284 3796 p·
1293 3736 1352 3779 m

131 3827 217 3888 unde
227 3831 323 3890 lulius
339 3832 533 3912 obsequens,
564 3833 678 3914 quique
689 3839 844 3910 praeterea
857 3850 922 3890 rem
937 3829 1114 3909 auguralem
1127 3837 1243 3887 tracta·

129 3944 241 3992 rerum
258 3934 310 3993 vel
330 3937 382 4015 qui
402 3935 582 4012 attigerunt,
609 3935 724 4014 passim
739 3934 937 3992 illustrantur.
982 3950 1053 3991 cura
1068 3939 1171 3989 antem
1184 3928 1243 3990 sd-

129 4032 286 4096 hibsbitur
300 4048 336 4096 ut
352 4034 429 4096 haec
447 4034 549 4110 editio,
573 4047 721 4117 quantum
734 4038 910 4117 poterimus,
931 4036 1148 4114 locupletetur,
1171 4053 1243 4093 cum
1297 4030 1304 4049 ⁸

130 4141 419 4199 commemoratione
436 4150 592 4198 auctorum
610 4158 685 4221 quos
705 4138 810 4220 Lydus
828 4148 1004 4199 consecutus
1019 4149 1080 4215 est,
1103 4147 1169 4197 tum
1186 4135 1243 4195 ad·

130 4239 247 4301 ditione
269 4241 508 4322 fragmentorum
527 4240 717 4324 quorundam
729 4240 914 4302 ineditorum
928 4239 1064 4301 eiusdem
1079 4242 1175 4302 ferme
1193 4258 1244 4298 ar·

131 4347 286 4423 gtrmsnti,
316 4348 409 4407 Vettii
430 4347 565 4407 Valentis
587 4346 743 4426 inprimis,
772 4344 857 4406 cuius
875 4342 1062 4426 Antholcgia
1084 4341 1166 4424 apud
1187 4360 1243 4402 nos
