2742 4642
230 378 284 426 ιιι
571 354 684 424 ussn
706 355 765 423 DE
789 354 997 423 OSTENTIS

230 560 340 636 manis,
363 580 396 641 p.
408 575 463 620 uxr
472 590 511 604 ··-
520 574 640 619 nxxm.
681 557 912 640 necquicquam
924 556 987 616 fere
1000 550 1076 615 mihi
1087 551 1148 615 huo
1159 548 1335 614 addendum

230 689 294 754 est,
314 679 375 738 nisi
395 675 490 756 illud,
511 698 574 738 non
591 678 686 737 multo
700 686 769 758 post
783 675 946 735 editionem
961 676 1032 735 libri
1045 678 1091 734 Ile
1109 674 1336 755 magistratibus

230 816 433 878 possessorem
448 795 578 872 codicis,
599 798 699 857 virum
714 796 863 855 illustrem
875 795 912 853 G.
924 794 962 852 A.
977 790 1014 852 de
1028 791 1332 867 choiseul-Gouffier,

232 936 302 976 cum
324 913 505 977 valetudinis
530 935 620 975 causa
641 916 866 996 Aquisgrauum
885 916 1072 989 secessisset,
1105 914 1204 973 subito
1225 912 1332 971 morbo

231 1054 408 1115 oppressum
420 1035 508 1097 bonis
523 1036 678 1111 omnibus,
702 1044 733 1093 et
746 1038 924 1114 praesertim
936 1038 973 1095 ils
988 1037 1041 1117 qui
1054 1036 1148 1094 literis
1160 1031 1332 1090 mitioribus

231 1157 319 1236 politi
339 1154 426 1232 sun't,
448 1155 652 1212 tristissimum
670 1156 718 1212 sui
738 1152 921 1213 desiderium
934 1154 1102 1237 reliquisse.
1146 1169 1331 1213 commemo-

230 1277 337 1334 rabant
362 1277 461 1334 crrncti
481 1285 512 1333 et
531 1275 606 1333 olim
623 1274 782 1352 contigisse
799 1277 828 1333 ei
841 1274 918 1334 illud
933 1274 1015 1358 quod
1031 1276 1151 1356 paucis,
1172 1284 1207 1333 ut
1222 1273 1331 1331 florens

230 1406 339 1471 aetate,
361 1397 393 1453 in
405 1414 522 1453 summa
536 1394 655 1453 fortune
669 1403 759 1475 atque
768 1396 902 1472 potentia
916 1399 1102 1470 constitutus,
1122 1394 1217 1473 pluris
1227 1403 1331 1452 tamen

133 1531 163 1585 p.
182 1528 213 1568 rr
229 1512 322 1573 homo
339 1516 513 1593 ingeniosus
528 1533 563 1572 au
578 1512 706 1572 disertus
726 1511 825 1571 studia
841 1525 871 1573 et
884 1518 1031 1593 ingenuas
1053 1525 1130 1573 artes
1145 1506 1237 1595 quam
1249 1512 1329 1571 bons

227 1635 282 1694 ills
301 1634 423 1692 fortuito
439 1632 538 1691 fecere
557 1635 596 1691 sit
611 1635 703 1692 visus.
748 1643 778 1690 et
792 1643 864 1692 tunc
879 1654 999 1716 quoque
1013 1637 1107 1715 ipsius
1119 1638 1232 1693 iactura
1243 1652 1329 1692 com-

227 1755 329 1814 munis
346 1755 469 1833 contigit
484 1754 616 1829 Galliae,
638 1754 753 1835 patriae
768 1754 849 1829 eius,
873 1754 925 1813 ubi
939 1757 1132 1836 amplissimis
1150 1762 1214 1811 erat
1229 1748 1328 1810 hono-

228 1875 310 1933 ribus
332 1874 523 1953 perfuuctus,
547 1874 713 1932 communis
734 1874 891 1951 Graeciae,
915 1878 1000 1935 cuius
1020 1875 1134 1934 insulas
1153 1873 1251 1932 verbis
1271 1869 1327 1929 de·

227 1995 386 2073 scripserat
401 1994 659 2075 exquisitissimis,
681 2002 771 2073 atque
786 1991 861 2051 adeo
875 1986 1118 2072 Russiae,hpud
1130 1992 1214 2050 cuius
1226 1992 1327 2069 impe-

227 2123 356 2172 ratorem
372 2113 501 2170 Paulum
513 2131 624 2191 magno
638 2111 737 2171 fuerat
750 2114 835 2188 loeo3
859 2114 1025 2172 communis
1039 2114 1197 2191 praecipue
1212 2108 1261 2169 his
1275 2111 1326 2191 qui

226 2244 306 2293 artes
320 2233 473 2312 elegantes
488 2222 600 2306 colunt,
620 2231 807 2313 literatisque
822 2233 971 2308 omnibus,
992 2235 1089 2313 iisque
1101 2232 1238 2313 inprimis
1249 2247 1326 2310 quos

225 2353 279 2412 ille
289 2372 351 2411 non
364 2351 494 2410 amicitia
507 2350 606 2409 solum
619 2348 674 2408 sed
685 2351 889 2409 familiaritate
901 2352 993 2409 etiam
1005 2368 1059 2409 sua
1071 2369 1131 2408 non
1143 2349 1264 2429 penitus
1277 2349 1327 2405 in·

227 2471 334 2552 dignos
348 2469 504 2530 iudicarat.
547 2466 708 2529 secedebat
723 2469 806 2552 quod
821 2470 925 2531 obiens
939 2472 1124 2529 luculentam
1139 2470 1258 2548 copiam
1276 2469 1326 2525 in-

223 2593 420 2671 scriptionum
442 2589 595 2667 signorum
618 2590 791 2649 tabularum
813 2587 1074 2669 anaglyphomm,
1108 2589 1287 2666 scriptiones
1307 2605 1324 2644 s

226 2730 292 2771 sese
309 2707 463 2768 inchoatas
478 2709 649 2788 perplures,
672 2706 849 2791 chartasque
867 2710 1010 2790 cuiusque
1026 2705 1110 2766 modi
1124 2703 1249 2766 aedibus
1264 2707 1325 2765 vll·

224 2831 324 2911 lisque
350 2827 475 2888 diversis
496 2826 645 2908 dispersas
667 2829 866 2909 relinqueret,
888 2846 944 2885 nec
963 2828 1126 2907 quicquam
1137 2827 1262 2905 propius
1280 2836 1325 2884 est

223 2949 338 3008 factum
361 2965 453 3029 quam
472 2959 578 3024 ntea,
600 2926 661 3007 non
684 2949 749 3006 eine
769 2948 923 3006 literarum
944 2948 1111 3027 artimnque
1133 2944 1324 3020 detrimento,

224 3087 345 3150 prorsus
359 3064 582 3147 dissiparentur.
625 3085 797 3149 quanquam
811 3065 881 3126 huic
896 3065 1019 3147 quidem
1032 3063 1223 3124 incommodo
1236 3075 1268 3123 et
1286 3065 1323 3124 eh

222 3185 383 3245 heredibus
403 3188 484 3259 eius,
506 3185 577 3242 viris
597 3204 716 3243 summa
736 3184 881 3265 dignitate
902 3184 1060 3266 praeditis,
1082 3195 1113 3244 et
1130 3185 1168 3243 ab
1188 3182 1323 3243 admini-

224 3307 367 3365 stratione
389 3306 442 3384 (ut
454 3300 556 3381 aiunt)
578 3323 625 3362 res
637 3306 793 3364 interiores
806 3307 948 3363 Franciae
963 3304 1257 3384 magnificentissime
1273 3314 1322 3362 at-

222 3444 282 3507 que
305 3423 532 3502 diligentissime
556 3434 749 3500 procurante,
772 3443 927 3484 occursum
949 3434 994 3482 est
1010 3425 1066 3499 sic,
1088 3434 1123 3482 ut
1137 3426 1224 3502 signo
1238 3423 1321 3502 lapi-

222 3541 336 3624 desque
357 3543 453 3600 literis
473 3542 608 3619 insigniti
628 3561 725 3621 paene
747 3552 852 3601 cuncta
871 3545 903 3600 in
923 3562 1063 3602 museum
1076 3546 1205 3620 Regium
1219 3553 1321 3602 mane

137 3689 167 3743 p.
185 3686 203 3723 ι
219 3664 384 3735 ferrentur,
407 3657 524 3719 codices
536 3679 629 3718 manu
643 3663 747 3740 scripti
759 3664 785 3720 si
799 3664 851 3743 qui
865 3672 949 3720 erant
972 3662 1077 3743 (erant
1093 3672 1195 3721 tamen
1207 3660 1319 3742 pauci)

220 3784 253 3841 in
274 3777 487 3838 bibliothecam
504 3780 640 3857 Regium.
683 3782 726 3837 ita
749 3777 847 3840 denuo
869 3782 900 3839 in
921 3801 1028 3840 manus
1044 3801 1128 3840 meas
1142 3783 1225 3841 venit
1235 3779 1319 3862 Lydi

219 3899 334 3976 codex,
374 3900 448 3958 on
473 3899 646 3958 (lescelinus
681 3899 743 3980 (sic
766 3901 933 3979 appellatus
957 3921 998 3959 ex
1022 3902 1120 3981 priore
1144 3921 1319 3981 possessore

217 4018 439 4098 maioribusque
465 4020 545 4095 eius,
582 4016 664 4100 quod
692 4021 835 4077 comitum
860 4019 897 4077 de
922 4019 1043 4078 Cuseolo
1070 4023 1194 4080 nomine
1219 4038 1319 4078 anna·

217 4136 294 4195 lium
320 4140 523 4196 monumentis
552 4138 775 4220 celebrantur),
804 4159 883 4197 nunc
906 4140 1029 4217 Regius.
1072 4140 1157 4199 cuius
1180 4136 1219 4197 de
1244 4158 1320 4218 spe-

218 4255 264 4313 cie
285 4274 321 4315 ec
342 4266 438 4333 statu,
459 4254 618 4341 postquam
631 4258 665 4318 in
676 4256 891 4320 bibliothecam
904 4270 1039 4318 nostram
1054 4258 1156 4319 fflatsu
1174 4268 1237 4336 est,
1259 4258 1319 4317 etsi
