2742 4642
181 295 232 368 46
557 298 756 376 ,loruuls
779 298 881 370 LYDl

181 468 343 560 Σοροκλία
359 468 418 555 τὴν
438 466 548 538 laevet
575 474 748 557 διεγίνωσκε
768 474 956 560 τραγῳδίαν,
982 468 1097 558 ταύτην
1117 468 1293 557 ίξῆλειψεν.

182 574 245 641 siro
261 578 427 663 ἐρωτηθείς
441 575 518 662 πρὸς
539 584 594 642 τοῦ
610 577 800 663 Κικίρωνος,
827 578 897 665 παρ’
914 568 941 665 ᾧ
954 579 1032 658 μετὰ
1047 581 1185 660 σπουδῆς
1197 580 1293 643 ε’πιιι·

182 677 297 756 δεύετο,
317 687 377 744 ποῦ
391 677 533 763 τυγχάνοι
550 675 774 768 ύγραρνύμενος
787 681 879 758 Αίας,
904 680 997 746 adedo
1011 679 1138 758 ἀστείως
1152 682 1217 763 ἅμα
1234 684 1292 745 κιιλ

181 789 328 866 νουνεχῶς
356 783 582 867 ἀποκρίνασθαι
611 781 734 871 σπύγγῳ
764 784 818 848 τὸν
849 780 944 849 αὑτοῦ
969 785 1113 861 Αἴαντα,
1139 781 1291 868 καθάπερ

184 885 302 972 σιδήρῳ
326 886 380 951 τὸν
401 892 457 950 τοῦ
474 887 684 973 Σοφοκλίους,
710 898 888 972 περιπεσεῖν.
915 888 967 950 καί
985 884 1119 969 τοσαύτη
1138 912 1185 963 τις
1201 887 1326 974 αύτιῇῦ

139 1053 142 1058 ,
185 991 311 1077 φροντίς
332 981 411 1054 odeo
434 989 502 1074 περὶ
527 987 635 1073 λόγους
655 987 833 1073 ἐτύγχανεν,
865 988 908 1067 ῶς
930 987 1077 1074 ἄρχοντος
1100 987 1293 1055 ἀπαιδεύτου

185 1093 307 1178 γράψαι
330 1092 408 1178 πρὸς
428 1090 521 1156 edsio
534 1095 684 1176 δημοσίαν
698 1090 907 1176 τολμήσαντας
920 1094 1083 1176 ἐπιστολὴν
1097 1092 1194 1169 οὕτως
1207 1093 1295 1177 ἄγει-

185 1203 349 1278 νακτῆσαι,
376 1191 418 1271 ῶς
440 1201 614 1281 παραλῦσαι
634 1202 689 1277 τῆς
705 1196 802 1281 ἀρχῆς
817 1198 871 1262 τὸν
886 1196 1077 1261 ἀπαίδευτον.
1109 1199 1160 1260 καί
1174 1199 1295 1283 γιίτρον

187 1301 222 1364 δὲ
239 1301 297 1363 καλ-
307 1297 380 1385 ὅρον
395 1308 463 1373 ταῖς
481 1324 513 1363 τε
530 1299 669 1383 εύωχιάις
684 1302 735 1363 καί
751 1310 820 1376 ταῖς
833 1303 952 1387 προιξίν
965 1297 1076 1383 ἔθηκε,
1101 1306 1222 1386 πρῶτος
1239 1302 1292 1365 lui

186 1410 224 1489 τῇ
239 1400 347 1468 ἑαυτοῦ
361 1404 495 1488 θυγατρὶ
507 1409 598 1468 τοῦτο
611 1400 749 1485 ποιήσας.
769 1411 825 1486 τῆς
837 1405 872 1468 δὲ
883 1411 944 1468 τῶν
955 1398 1098 1486 ύπηκύων
1111 1405 1294 1488 ἐλευθερίας
1305 1419 1346 1470 10

186 1513 332 1572 τοσοῦτον
346 1502 609 1592 ίηρόντιζενῶστε
621 1506 704 1582 τινὸς
713 1513 773 1572 τῶν
781 1506 919 1571 κολάκων
928 1509 975 1571 ε’νιί
987 1515 1042 1591 τῆς
1049 1512 1166 1588 βουλῆς
1174 1505 1293 1572 δεσπό-

187 1636 243 1693 την
265 1607 358 1673 αὐτὸν
379 1606 481 1694 ῶσπερ
514 1610 546 1674 ίν
573 1604 724 1695 ὑπεροχῆς
744 1608 849 1697 τρόπῳ
871 1611 1070 1687 καλίσαντος,
1097 1607 1190 1686 αύτὸς
1215 1612 1292 1686 ἔξα-

186 1712 300 1789 ναστίις
310 1708 391 1794 “lyei
406 1710 463 1776 δί’
480 1708 748 1801 &fluviique
761 1712 827 1778 ἀλλ’
842 1712 879 1779 ού
892 1711 1024 1792 δούλοις,
1043 1713 1164 1797 ἔμαθον
1183 1715 1294 1778 διαλί-

187 1815 340 1902 γεσθαιῖῚ

290 1914 350 1986 40.
402 1913 459 1998 [ὅτι
471 1921 509 2001 τῇ
523 1915 583 2004 πρδ
598 1922 691 2002 τριῶν
704 1923 807 1983 νωνῶν
817 1912 1008 2002 Αίγούστων
1019 1914 1291 2006 υἷνῄρουνᾶκωλύ·
1302 1932 1340 1988 15

185 2047 248 2100 τως
262 2024 295 2088 ίν
304 2017 406 2106 Ῥώμη
419 2020 492 2096 τοὺς
504 2018 597 2097 κύνας
613 2025 656 2098 είς
668 2022 759 2105 τιμὴν
774 2028 834 2087 τῶν
842 2028 955 2105 χηνῶν,
975 2021 1023 2086 δτι
1038 2022 1073 2086 ri
1090 2021 1292 2087 Καπετώλιον

187 2126 217 2190 οἱ
229 2127 286 2208 μὲν
301 2123 387 2201 κύνες
399 2124 576 2208 προέδωκαν
590 2120 798 2202 ύπνῶσαντες,
823 2125 852 2188 ei
868 2127 902 2189 di
911 2132 1003 2208 χῆνες
1015 2124 1211 2212 ίγρηγορότες
1224 2128 1291 2190 διί-

182 2227 339 2298 corraei
355 2229 392 2293 δέ
407 2250 501 2314 φασιν
517 2226 564 2292 ὅτι
577 2234 667 2292 τοῦτο
684 2229 814 2304 ίποίουν,
825 2232 877 2292 ’ίνα
888 2229 933 2310 μὴ
949 2228 1073 2313 ὀχληροί
1088 2240 1151 2306 τοῖς
1163 2237 1290 2294 νοσοῦσι

182 2334 291 2409 νυκτὸς
305 2333 454 2414 γίνωνται.
480 2328 510 2393 oi
525 2331 569 2406 δί,
588 2333 640 2393 ‘ivo
655 2331 699 2413 μὴ
719 2337 882 2408 λυποῦντες
896 2331 969 2407 τούς
986 2330 1172 2418 ἀνθρώπους
1183 2332 1290 2414 βλάπ-

181 2455 275 2500 τωσι·
300 2437 464 2516 τηνικαῶτα
477 2431 536 2518 γὰρ
552 2429 569 2497 ὁ
586 2435 706 2520 Σείριος
717 2434 881 2514 ἀνατέλλει,
902 2434 937 2511 ὃς
949 2435 1000 2499 καί
1014 2436 1101 2499 δοκεῖ
1109 2443 1164 2519 τῆς
1175 2434 1337 2519 idapem

106 2608 115 2627 δ
185 2537 290 2615 αὐτοῖς
305 2537 401 2611 αίτιος
417 2531 511 2614 εἶναι]

85 2677 115 2732 p,
132 2659 167 2716 51
288 2636 349 2708 41.
401 2635 459 2718 [ὅτι
483 2637 512 2701 ei
538 2638 681 2723 Κομῆται
702 2637 734 2702 ἓν
755 2647 819 2715 τοῖς
839 2633 898 2703 inl
920 2633 1047 2722 σελήνην
1062 2635 1186 2716 κόλποις
1202 2641 1289 2705 συνί·

257 2831 275 2888 6
291 2828 430 2887 διαπεσεῖν
449 2830 529 2904 vulgo
634 2829 667 2885 15
683 2829 720 2900 τῇ
733 2831 785 2885 εδδ
800 2829 900 2885 Hosius

187 3021 242 3077 qne
257 3022 335 3075 quarn
350 3021 384 3056 er
400 3001 485 3056 literis
500 3006 666 3073 perceperat,
684 3006 765 3071 etque
775 2999 1146 3085 ipseercomperstionecura
1153 3001 1289 3074 Sophocle

188 3075 322 3143 indignam
336 3073 481 3127 iudicasset
495 3090 568 3126 suern
582 3071 756 3140 tragoediam,
777 3071 844 3123 banc
858 3072 967 3125 delevit.
1000 3086 1061 3142 pest
1076 3075 1253 3143 interrogatus
1271 3092 1289 3126 a

190 3145 337 3209 Cicerone,
362 3145 432 3213 apud
455 3159 532 3223 quem
553 3159 611 3194 cunr
626 3139 763 3210 diligentie
778 3140 964 3208 erudiebatur,
981 3146 1085 3196 ubinam
1101 3154 1174 3196 esset
1188 3143 1234 3213 qui
1251 3145 1287 3195 nb

188 3214 248 3283 ipso
263 3213 424 3266 scriberetur
438 3210 521 3277 Atax,
543 3209 587 3263 ille
609 3213 710 3263 urbane
725 3208 801 3262 simul
816 3226 848 3261 ac
863 3211 1029 3265 considerate
1044 3212 1213 3283 respondisse
1229 3213 1289 3264 ier·-

186 3282 274 3336 turin
296 3278 433 3350 spongiam
454 3296 529 3332 suum
544 3279 665 3346 Aiacem,
689 3279 904 3346 quemadmodum
927 3279 954 3332 in
979 3281 1078 3333 ferrum
1100 3281 1288 3350 Sophocleum,

185 3351 322 3404 incidisse.
355 3366 386 3401 ac
408 3357 497 3401 anteo
521 3349 547 3402 ei
571 3364 649 3401 curce
664 3346 759 3400 literae
776 3358 853 3400 erent
867 3358 906 3413 ut,
922 3366 980 3402 eum
995 3350 1165 3418 magistratus
1180 3351 1288 3418 quidarn

186 3418 325 3488 imperitus
341 3419 375 3471 ad
390 3434 449 3470 eum
466 3416 583 3486 publicos
599 3417 718 3470 scribere
735 3416 825 3469 literas
841 3433 920 3469 mous
936 3427 1024 3485 esset,
1048 3419 1116 3471 adeo
1135 3419 1287 3487 indignatus

187 3488 225 3541 sit
245 3496 275 3540 ut
296 3502 403 3539 munere
424 3495 544 3540 moveret
565 3486 724 3555 imperitum.
756 3495 785 3538 et
803 3502 867 3538 vero
892 3488 995 3540 modurn
1019 3495 1047 3540 et
1061 3489 1140 3541 tinem
1155 3488 1239 3558 epulis
1255 3504 1289 3541 ac

185 3556 262 3611 donis
278 3555 429 3622 consumit,
490 3573 503 3607 s
535 3573 593 3609 uem
617 3555 717 3625 primus
739 3554 766 3607 in
788 3570 837 3608 sua
851 3554 935 3623 ipsius
951 3556 1006 3609 filia
1023 3557 1073 3609 boc
1088 3558 1164 3610 iecit.
1197 3574 1289 3610 eorum

185 3635 271 3679 autem
289 3625 335 3694 qui
352 3624 405 3692 ipsi
420 3641 451 3676 sn
472 3624 534 3677 iectr
550 3634 626 3677 erant
640 3624 791 3677 libertatem
807 3633 947 3693 tantopere
962 3628 1081 3692 curabat,
1102 3636 1132 3678 ut
1147 3642 1205 3679 cum
1220 3627 1288 3679 ndu·

182 3693 295 3749 latorum
312 3692 418 3764 quidem
433 3693 461 3745 in
476 3704 571 3747 senatu
586 3694 717 3747 deminum
732 3692 833 3762 ipsum,
857 3701 981 3783 tanquam
1007 3693 1179 3748 excellentiae
1200 3696 1289 3762 rnodo,

183 3771 315 3832 vocasset,
331 3763 389 3831 ipae
405 3773 562 3832 exsurgeret
576 3772 605 3815 et
618 3756 686 3832 “ego
703 3758 783 3815 vero''
800 3763 904 3816 diceret
925 3757 993 3816 ‘cum
1005 3762 1107 3831 liberis,
1124 3781 1211 3833 neque
1221 3780 1288 3816 vero

184 3850 243 3887 cum
258 3832 345 3886 servis
361 3830 473 3901 colloqui
491 3826 600 3885 didici?
783 3893 785 3899 ρ

253 3901 298 3954 te.
334 3899 367 3954 A.
385 3902 412 3954 δ.
429 3902 554 3955 3Νοιιιιι
572 3899 706 3981 Augustas
720 3898 806 3953 libere
818 3899 919 3954 ilemee
939 3899 1138 3956 interficiebant
1152 3918 1241 3966 canes,
1259 3899 1289 3955 in

183 3970 311 4024 bonorem
325 3986 460 4036 ensernrn,
478 3971 549 4039 quod
565 3967 726 4038 Capitolium
741 3983 820 4022 canes
836 3970 1010 4038 prodiderant
1024 3970 1192 4036 dormiendo,
1208 3987 1288 4023 ause-

190 4057 236 4093 res
250 4040 278 4091 vi
298 4038 384 4092 'lando
399 4047 582 4091 servaverant.
613 4035 659 4091 elii
678 4047 766 4091 autem
787 4038 837 4090 boo
853 4055 899 4091 eos
916 4039 1006 4091 iacere
1022 4039 1115 4092 solitos
1136 4040 1243 4106 dicum,
1259 4047 1291 4092 ut

191 4125 226 4160 ne
240 4126 282 4161 mo
293 4108 343 4160 esti
357 4108 555 4176 aegrotantibus
571 4115 651 4161 nootu
665 4106 778 4172 fierent3
800 4106 861 4175 alii,
877 4125 911 4160 ne
924 4108 953 4161 in
967 4109 1069 4162 rabiem
1085 4107 1138 4161 acti
1152 4107 1290 4161 laederent

191 4175 324 4296 bopuines:
339 4186 402 4229 tunc
416 4176 485 4230 euim
502 4176 629 4231 Canicula
642 4176 771 4244 noritur,
785 4189 854 4245 quae
871 4175 950 4230 etiarn
965 4178 1051 4231 rabiei
1066 4177 1118 4229 illis
1134 4193 1214 4229 causa
1228 4194 1290 4230 esse

190 4244 221 4297 vi
239 4253 307 4297 etur.

260 4311 305 4366 41.
338 4312 465 4370 comem
478 4314 508 4368 in
522 4313 632 4370 sinubus
646 4314 697 4368 sub
712 4313 775 4368 lone
789 4311 923 4383 existunt,
939 4311 1071 4367 strumo
1083 4311 1197 4384 aliquem
1212 4322 1292 4367 natu-
