2742 4642
489 270 835 347 commeatus
1166 300 1218 349 vas

106 477 321 558 gnitatumque
344 494 424 537 nora
443 477 567 537 nomina
577 521 587 555 ,
608 475 664 539 ssd
684 479 830 539 vocabula
850 480 942 539 etiem
962 475 1096 539 cadentis
1108 479 1213 539 boen-

106 582 187 640 tisre
206 580 365 639 latinitatis
386 577 516 660 (quibus
539 600 620 640 nunc
643 578 714 640 ideo
734 584 846 642 utimur
866 579 949 664 quod
962 582 1001 640 iis
1015 582 1134 642 nullum
1148 583 1212 641 fere

105 678 192 761 apud
202 681 343 759 probatos
355 691 489 742 anctmes
500 702 621 762 prorsus
635 683 835 765 respoudeat)
858 706 876 744 a
889 705 939 744 me
953 704 1090 766 quoque,
1110 705 1150 744 ne
1162 685 1211 745 cui
1278 734 1285 751 .

104 782 214 845 ridear
231 784 266 843 in
285 784 385 847 verbis
409 803 475 845 esee
497 785 656 862 curiosior,
677 783 728 844 hie
744 785 906 864 duntaxat,
927 788 980 847 ubi
994 785 1213 868 uibilpericuli

104 896 170 963 est,
191 896 338 966 tunqrmm
353 887 474 965 propria
491 896 522 945 et
535 889 645 949 usitata
658 892 806 969 usurpari.

193 989 333 1047 Tametsi
353 986 390 1046 de
407 990 471 1048 rita
488 989 612 1070 quidem
625 993 754 1051 auctoris
767 992 886 1051 brevior
900 1012 965 1051 esse
979 1002 1099 1072 potero,
1126 985 1209 1072 quod
1228 991 1251 1052 2

107 1110 189 1173 quae
208 1087 250 1148 ad
269 1109 303 1149 se
321 1093 521 1170 pertinerent,
543 1112 578 1151 ea
599 1095 633 1150 in
652 1094 729 1152 libro
752 1091 790 1151 de
810 1094 1034 1172 Magistratibns
1054 1095 1122 1153 fuse
1142 1094 1209 1173 ipse
1225 1087 1254 1142 Ρ·
1272 1084 1308 1123 ¹¹¹

106 1202 284 1275 persecutus
308 1203 364 1253 est.
404 1192 475 1254 ideo
502 1196 641 1274 relegatis
662 1193 804 1255 studiosis
822 1194 902 1277 Lydi
927 1194 966 1255 ad
987 1197 1101 1255 librum
1123 1195 1212 1252 illum

108 1296 210 1378 adque
232 1295 370 1355 Indiam
394 1317 495 1355 rerum
517 1308 546 1354 et
570 1296 748 1369 verborum,
779 1295 830 1357 hic
856 1317 989 1359 summas
1016 1316 1116 1356 rerum
1141 1306 1212 1354 tan·

108 1394 267 1460 turnmodo
285 1400 474 1479 capitulatim
495 1402 659 1481 attingam,
680 1402 831 1477 maxime,
853 1411 999 1482 qnantum
1022 1399 1088 1458 fieri
1111 1407 1212 1477 potest

108 1505 143 1561 in
173 1523 207 1560 re
233 1504 372 1581 spinosa,
408 1513 578 1583 temporum
604 1506 719 1564 ratione
744 1505 917 1579 constituta,
949 1522 990 1561 ex
1009 1501 1136 1560 Huberti
1155 1499 1211 1556 Gi-

107 1604 215 1687 pbauii
242 1606 445 1667 Commentar.
474 1603 512 1666 de
541 1608 706 1669 Iustiniano
734 1608 810 1686 imp.
828 1607 1009 1684 Noribergse
1032 1599 1130 1675 1640,
1160 1604 1212 1675 12,

107 1729 140 1788 p·
164 1710 223 1772 178
243 1725 320 1789 sqq3
358 1705 481 1786 Aegidii
508 1709 625 1766 Perriui
654 1709 724 1768 Vita
743 1709 900 1769 Iustiniani
922 1709 1018 1767 Paris.
1043 1705 1139 1779 1576,
1171 1705 1213 1778 83

107 1809 257 1871 Hardrrini
284 1808 520 1869 Numismatibus
551 1810 663 1870 saeculi
690 1813 866 1871 lautinianei
886 1812 920 1869 in
940 1812 1018 1889 0pp.
1042 1809 1111 1867 Var.
1131 1806 1211 1863 Am·

107 1911 217 1975 stated.
238 1914 336 1987 1788,
366 1911 421 1971 fol·
442 1931 476 1991 p·
499 1910 622 1976 461-
637 1910 719 1989 5173
748 1915 886 1994 inprimis
907 1932 978 1973 vero
1002 1904 1211 1970 exlc.1¹etri

108 2014 148 2075 de
171 2013 321 2094 Ludewig
346 2014 415 2072 vita
439 2014 597 2075 iustiniani
622 2017 743 2095 Magni,
777 2017 873 2075 Halae
898 2015 1016 2075 Salinae
1045 2012 1147 2084 1731,
1178 2004 1211 2081 ¹1,

106 2121 317 2200 Francisoique
330 2116 473 2177 Balduini
486 2119 653 2177 Iustiniana
666 2121 730 2178 sire
744 2116 782 2176 da
796 2121 865 2176 lure
877 2137 956 2177 novo
971 2110 1211 2177 Commentario·
1288 2178 1298 2195 Ι

107 2240 177 2282 rum
189 2221 275 2281 libris
288 2218 327 2294 4,
347 2221 444 2281 Halae
461 2223 552 2295 1728,
567 2222 603 2295 8,
625 2230 655 2279 et
668 2239 709 2279 ex
721 2220 836 2278 Nicolai
850 2218 1013 2275 Alemanni
1028 2233 1158 2275 excumu
1172 2209 1211 2269 de

108 2323 334 2383 Praefectcrum
344 2322 497 2380 Praetorio
508 2321 565 2379 sub
576 2320 741 2378 Iustiniana
753 2319 953 2399 temporibus,
973 2320 1008 2375 in
1018 2317 1098 2373 notis
1111 2311 1152 2370 ad
1160 2308 1212 2370 ed.

108 2426 258 2497 Historim
282 2442 405 2483 mmnae
425 2422 565 2501 Procopii
579 2419 721 2501 Lugdun·
742 2422 832 2497 1623,
853 2421 908 2480 fol.
930 2441 962 2500 p.
977 2417 1133 2489 96—983
1157 2412 1211 2494 qui

109 2547 231 2587 mausus
244 2536 289 2586 est
302 2527 336 2587 iu
347 2523 396 2584 ed.
408 2527 484 2604 Reg.
496 2526 637 2604 Procopii
649 2527 755 2588 torn-2
767 2533 851 2603 parte
866 2531 977 2602 poster.
987 2540 1020 2599 p.
1032 2518 1211 2582 159—161.

192 2632 330 2688 loturae
343 2630 436 2707 igitur
447 2629 646 2699 Laurentius,
669 2629 796 2707 epatris
810 2627 918 2707 qurta
930 2621 1036 2697 dietus,
1057 2617 1140 2703 quod
1158 2637 1211 2677 co-

109 2749 242 2811 gnomen
256 2727 337 2808 apud
349 2731 507 2808 scriptores
520 2730 644 2791 fortuito
658 2732 757 2809 magis
772 2748 865 2811 quam
878 2727 994 2786 ratione
1003 2722 1141 2797 invaluit,
1151 2739 1211 2779 ua·

107 2845 157 2893 tus
171 2843 218 2891 est
228 2828 459 2910 Philadelpbiae
473 2831 506 2889 in
519 2833 594 2909 Asia
607 2831 822 2910 proconsulari,
838 2831 885 2889 sl.
892 2830 1031 2908 Longino
1038 2830 1090 2891 111.
1097 2831 1209 2887 Fausto

110 2937 231 2996 iuniore
250 2935 313 3003 W.
337 2932 395 2989 00.
421 2948 514 3006 coss,
544 2952 624 2993 anno
646 2953 664 2991 a
685 2932 803 2995 Christo
824 2944 894 2993 nato
915 2930 995 3005 4903
1024 2930 1208 3011 parentibus,
1224 2955 1253 3012 p.
1273 2954 1303 2994 rs

109 3048 259 3120 qnantum
278 3034 386 3097 conat
403 3042 517 3113 potest,
539 3035 619 3095 iuter
631 3037 797 3115 municipes
813 3055 884 3095 suos
900 3033 1099 3113 locupletibus
1111 3042 1141 3091 et
1154 3049 1210 3110 ge-

109 3142 236 3200 nerosis.
278 3138 375 3217 primo
397 3145 428 3195 et
448 3138 595 3216 vigesimo
618 3141 724 3198 aetatis
742 3157 839 3212 anno,
870 3134 981 3197 Christi
998 3134 1077 3209 611,
1107 3134 1209 3192 Felice

110 3243 199 3301 Gallo
215 3241 262 3299 Fi.
276 3236 466 3299 secundiano
488 3238 543 3318 (ut
562 3240 688 3301 sortasse
705 3238 896 3303 scribendum
909 3251 954 3299 est
968 3257 1022 3318 pro
1036 3232 1209 3299 Secundino

110 3346 143 3403 in
154 3345 191 3403 P.
205 3340 335 3402 ltelandi
346 3342 453 3417 Fastis,
474 3342 606 3400 Traiaot.
619 3345 688 3403 Bat.
703 3344 794 3420 1716,
801 3347 832 3420 8,
845 3364 877 3423 p·
886 3345 959 3416 679,
979 3342 1113 3418 itemque
1127 3333 1210 3415 apud

112 3447 243 3527 reliquos
265 3465 336 3505 enm
356 3454 586 3525 consequentes:
615 3443 720 3526 Lydus
741 3458 839 3522 certe,
869 3443 907 3505 de
931 3444 1097 3521 Magistrat.
1120 3440 1140 3501 3
1167 3438 1209 3501 26

110 3569 144 3628 11·
156 3552 220 3613 218
239 3551 300 3624 22,
320 3546 665 3624 ΙιαδοῐΣεκουνδιανοῦ)
688 3568 762 3608 coss.
776 3548 883 3628 cpolin
901 3544 1096 3623 demigravit,
1116 3542 1210 3620 inque

112 3671 195 3710 sacro
206 3651 411 3731 palatioliuter
422 3650 612 3709 memoriales
623 3669 688 3710 esse
697 3654 804 3730 coepit,
819 3660 849 3709 et
863 3646 945 3730 quod
957 3657 1023 3705 tum
1035 3646 1097 3704 otio
1111 3642 1209 3701 abun-

114 3751 221 3829 dabat,
249 3749 459 3834 pbilosophiae
480 3763 671 3832 praeceptore
692 3755 737 3812 uti
756 3754 873 3832 Agapio
897 3747 1088 3822 Atheniensi,
1108 3743 1210 3803 Procli

115 3852 279 3934 discipu103
301 3853 340 3914 de
358 3874 419 3936 quo
430 3852 540 3915 Suidas
554 3854 603 3915 erl.
616 3858 734 3915 Kuster.
751 3865 774 3914 t.
791 3861 808 3919 1
827 3874 858 3932 p.
869 3856 922 3917 22.
965 3869 1064 3932 neque
1087 3845 1140 3906 diu
1161 3856 1210 3907 ta·

114 3978 185 4017 rnen
204 3960 316 4019 mansit
334 3960 368 4017 iu
390 3955 449 4018 boc
468 3969 558 4020 statu.
602 3960 714 4016 etenim
733 3976 788 4037 per
807 3953 1019 4033 idemtempus
1033 3949 1209 4010 Anastasius

114 4063 274 4141 inperator
291 4062 479 4141 praefectum
497 4061 643 4141 praetorio
663 4061 750 4119 iussit
766 4060 904 4118 Zoticum
915 4049 1210 4131 Philadelphum,

46 4202 49 4209 ·
115 4164 198 4223 cuius
217 4180 364 4243 persuasu
383 4175 414 4223 et
431 4162 558 4223 inductu
578 4163 669 4222 aliam
689 4165 721 4221 iu
740 4182 772 4220 re
791 4162 911 4241 publiea
925 4160 1007 4218 riam
1021 4165 1139 4215 secutus
1154 4161 1209 4226 est,

116 4266 208 4327 initiis
221 4263 347 4349 quidem
359 4278 423 4329 um
434 4267 584 4348 prosperis
598 4275 631 4326 nt
647 4268 681 4325 in
697 4260 851 4327 cohortem
867 4264 930 4324 sire
948 4259 1080 4321 officium
1094 4255 1211 4337 patroni
