2742 4642
489 337 547 406 DE
573 335 789 407 osmtns.
951 406 955 413 ,
1113 339 1188 412 283

96 503 257 572 δαίδαλον
283 497 377 586 ύδωρ
405 501 442 570 αί
468 502 621 587 φρεατίαι
648 498 875 589 ιῖναβλύζωσι,
909 496 993 569 ταδ’
1019 498 1138 588 ἓαντῆς
1166 499 1190 590 ἡ

97 605 255 673 πολιτεία.
296 602 321 689 ἢ
353 603 411 671 καί
442 601 524 671 ὅταν
553 605 676 681 διιτῖνος
704 602 742 670 έν
769 601 897 690 θεύτρῳ
924 602 1116 691 σννηγμένῳ
1142 606 1191 689 τῶ

95 707 217 791 πλήθει
238 702 379 792 ιίναίδην
398 706 619 790 αεριίιιεαεαι,
647 702 767 772 διιοῐον
788 702 1007 787 ἱπποδρομίας
1028 700 1192 770 ἐαιτελον·

95 803 197 892 μένης
217 806 350 892 είδομεν
369 805 500 893 δαίτης
520 804 595 892 ἄρτι
616 802 811 891 διελθούσης
831 800 947 890 ένύτης
967 801 1192 888 διανεμήσεως,

69 898 139 992 σῆς
160 903 322 994 ύγομίνης
342 908 466 987 ίιιτῖνος
482 905 520 975 τὰ
542 907 650 995 βέλος,
673 905 735 994 τήν
755 904 932 992 λεγομένην
952 906 1124 989 σαγίτταν,
1144 907 1193 992 τῷ

96 1006 217 1094 ρέμφει
237 1006 364 1095 φέρων,
390 1008 469 1077 ὅλον
493 1007 718 1085 έαιιτνιιλῶσας
738 1006 797 1074 ouo
819 1008 941 1093 δῆμον,
966 1004 1017 1073 δαί
1036 1009 1099 1072 τού
1120 1002 1194 1090 (ills-

95 1113 161 1177 λοῦ
181 1107 307 1196 ταύτην
329 1106 506 1195 διωλύγιον
526 1113 689 1195 σνρίττων
708 1104 859 1176 niellam.
902 1103 921 1173 ὁ
951 1102 987 1173 δέ
1016 1107 1117 1192 δῆμος
1138 1103 1195 1173 ού·

97 1210 158 1278 δέν
176 1206 361 1297 βραδύνας,
388 1206 471 1278 ταδ’
492 1209 614 1278 ἑαυτοῦ
635 1207 671 1278 δέ
693 1210 856 1296 κινηθείς,
886 1205 986 1286 αύτδς
1005 1206 1067 1294 μέν
1086 1203 1194 1274 ιίτῶλ·

97 1314 196 1393 λντο,
225 1307 247 1397 ἡ
274 1310 310 1379 δέ
335 1310 430 1390 αδλις
457 1310 538 1396 supi
563 1316 651 1380 ιιᾶσα
676 1311 900 1398 διεφθείρετο,
929 1308 975 1389 ῶς
1002 1310 1059 1378 scel
1090 1308 1196 1396 αύειὶν

51 1410 163 1500 iussis
181 1413 364 1500 βασιλείαν,
395 1413 424 1479 εί
444 1410 489 1499 μὴ
507 1409 588 1492 δούς
607 1408 838 1497 οίντέαραττεν,
869 1406 911 1479 ού
940 1408 1056 1496 πόρρω
1084 1408 1195 1479 ιιινδύ-

99 1536 170 1582 νων
188 1511 307 1581 twice.
347 1513 390 1580 soi
409 1511 475 1599 γοίρ
496 1513 573 1598 αιρί
592 1510 725 1581 έιιότων
744 1513 802 1582 stul
821 1509 1071 1595 ννιιτιιιοροίιιων
1084 1510 1197 1579 λύκων

99 1636 136 1682 τε
154 1612 211 1681 ναί
232 1611 425 1696 mutuno,
454 1612 536 1680 ὅταν
555 1610 592 1681 έν
612 1613 726 1682 πόλεσι
746 1615 948 1699 φαίνωνται,
977 1612 1018 1679 τὰ
1044 1612 1197 1698 είρημέοα

99 1720 170 1795 τοῖς
191 1711 339 1801 ἄρχαίοις
358 1721 598 1802 μετατολλητα,
622 1715 678 1784 uni
698 1714 777 1795 τούς
799 1714 834 1796 ἐξ
854 1706 902 1782 ῶν
922 1712 1037 1794 αύτοῑς
1056 1716 1197 1802 διαλέγε-

100 1838 169 1897 ται,
194 1814 347 1899 περιττὸν
365 1814 522 1901 ῶντιιιρνς
542 1812 729 1901 ἀναφέρειν.

57 1928 95 1984 15
190 1921 344 1986 Τοσαῦτα
374 1915 434 2003 μέν
464 1908 529 1983 ούν
554 1912 638 1998 πρὸς
663 1912 743 1993 τούς
762 1917 833 1992 ταῖς
853 1914 1054 2000 διοσημίαις
1073 1911 1196 1982 ἐνιστα-

99 2015 221 2104 μένους
255 2018 312 2086 καί
346 2017 539 2105 Πτολεμαίῳ
571 2019 761 2100 τολμῶντας
795 2009 973 2099 ἀντιλέγων
1002 2012 1038 2082 ἐν
1065 2019 1198 2083 ιεολλῶν

101 2115 198 2203 δλίγα
228 2117 379 2202 λελέχθω.
435 2116 551 2201 ιιαιρὸς
577 2113 614 2183 δέ
641 2114 806 2198 ἄρξασθαι
832 2119 891 2200 τῆς
916 2115 1127 2200 ἐπαγγελίας,
1160 2115 1198 2185 las

101 2222 171 2285 τῶν
192 2215 339 2305 ἡλιακῶν
361 2215 630 2302 οίτοτελεσμύεων
649 2212 879 2301 λαμβάνοντας
898 2213 940 2281 τοὶ
959 2217 1129 2301 ιεροοίμια.

187 2326 220 2387 9.
261 2316 386 2407 'Iasios‘
411 2318 449 2386 έν
481 2317 627 2402 ιιρῶτοις
651 2313 698 2396 ῶς
723 2316 825 2401 μόνος
852 2313 871 2385 δ
899 2314 992 2403 ἥλιος
1017 2318 1198 2398 ιιαθολιιιᾶς

59 2419 168 2507 ςοδχει
189 2418 344 2495 ἐνεργείας,
364 2429 421 2481 τῶν
442 2417 553 2498 ἄλλων
576 2424 773 2505 διοσημειῶν
791 2418 929 2497 τοπικῶς
949 2417 1108 2505 ἐχουσῶν.
1149 2420 1199 2488 δέ·

105 2524 201 2591 δοται
229 2519 293 2607 γὰρ
315 2520 393 2596 &uae
413 2523 482 2603 ἡλίῳ
503 2522 564 2609 μὲν
583 2520 808 2590 καλύπτεσθαι
827 2527 869 2609 τῇ
890 2520 1120 2607 ιεαρεμεειῶσει
1139 2527 1199 2609 τῆς
1318 2523 1323 2532 ’

104 2620 258 2708 σελήνης,
289 2619 367 2702 αύτῇ
389 2626 420 2687 ol
441 2632 474 2702 τῇ
497 2622 693 2692 ῶντιατοίσει
712 2629 770 2710 τῆς
792 2628 869 2709 γῆς,
904 2623 960 2692 ιιαλ
985 2623 1045 2692 τόν
1072 2625 1133 2709 μέν
1161 2624 1199 2692 έν

105 2722 239 2816 σννόδςο
267 2721 415 2802 πάντων,
442 2729 495 2803 τηε
522 2730 637 2802 σελήνην
657 2725 710 2808 δέ,
743 2722 824 2794 ὅταν
851 2717 874 2813 ᾖ
903 2726 1099 2816 αλησιηαής.
1139 2725 1199 2795 aut

172 2877 191 2932 2
210 2878 274 2931 lert.
292 2878 353 2932 add.
366 2877 555 2948 κινηθήσεται.
572 2879 611 2933 Η.
732 2880 751 2935 7
767 2876 911 2946 διωλύγιον
929 2879 963 2933 C.
1090 2881 1124 2934 13
1139 2896 1200 2933 num

172 2943 236 3014 μετ’
253 2941 416 3033 ἄνόρρητα,
432 2949 490 3002 sive
505 2945 574 3018 μήτ’
589 2945 741 3004 οίιιιίλνταί
773 2951 823 3004 sed
836 2966 922 3019 neque
938 2949 1005 3003 haee
1020 2946 1134 3019 plseeut.
1161 2949 1198 3002 H.

173 3016 210 3073 22
227 3016 315 3071 malum
332 3035 430 3088 ταντη.
463 3019 501 3073 Η.

105 3155 177 3210 bliee
192 3160 285 3208 eontm
299 3170 330 3207 se
344 3151 405 3223 ipse
419 3151 610 3219 concitabitur3
633 3154 677 3208 vel
701 3153 804 3224 quando
819 3151 914 3207 milvus
929 3151 957 3206 in
973 3151 1044 3206 circo
1061 3152 1201 3207 considen-

105 3232 159 3279 tem
171 3222 360 3277 multitudinem
376 3221 541 3291 impudenter
554 3223 737 3292 circumvolat,
760 3223 972 3293 quemadmodum
987 3222 1105 3275 ludorum
1120 3239 1201 3292 eque·

106 3295 199 3347 εωίαω
215 3291 393 3346 celebratione
410 3292 537 3359 vidimus,
553 3292 697 3347 indictione
714 3311 783 3346 noua
800 3310 833 3346 ea
851 3309 919 3362 quae
935 3293 1012 3345 modo
1029 3298 1137 3362 peraeta
1150 3299 1202 3345 est.

107 3362 203 3431 quibus
223 3360 367 3417 commissis
389 3361 482 3415 milvus
507 3361 602 3431 telum,
626 3364 698 3431 quod
718 3363 841 3432 sagittem
862 3368 974 3427 meent,
998 3370 1086 3414 rostro
1103 3361 1203 3429 leneus,

108 3447 172 3484 eum·
190 3447 291 3484 omnem
313 3429 439 3484 ambisset
461 3430 597 3501 populum,
620 3430 742 3501 sagittam
765 3438 885 3500 ergutum
907 3429 1021 3484 stridens
1041 3429 1071 3482 in
1086 3430 1203 3484 obelisou

108 3498 241 3569 deposuit.
276 3516 362 3568 neque
380 3498 431 3553 ulla
453 3517 526 3553 mom
546 3500 705 3624 interffisita
721 3499 831 3571 populus
849 3499 922 3553 inse
938 3500 1083 3553 concitatus
1101 3508 1129 3554 et
1145 3499 1205 3569 lpse

109 3566 213 3621 interiit
232 3574 260 3620 et
279 3570 343 3621 urbs
362 3569 445 3622 omnis
463 3569 621 3624 incendioa
653 3580 743 3639 umptn
760 3578 815 3636 est,
842 3578 872 3622 ut
889 3568 932 3621 vel
952 3569 1037 3640 ipsum
1057 3567 1203 3637 imperium,

110 3636 164 3692 nisi
188 3653 282 3689 numen
306 3637 465 3706 obstitisset,
489 3655 541 3691 nou
565 3638 671 3693 multum
694 3639 824 3693 abluisset
846 3655 862 3691 a
884 3637 1044 3691 discrimine.
1086 3653 1145 3689 nam
1169 3636 1205 3689 de

109 3705 206 3776 upupis
223 3704 330 3758 eicumis
346 3705 414 3777 lupis
431 3706 570 3777 vulpibus,
593 3710 697 3778 quaudo
712 3709 740 3761 in
759 3707 909 3762 civitatibus
924 3705 1134 3776 oonspieiuutur,
1157 3720 1202 3787 su-

129 3791 300 3828 emesneum
317 3782 360 3828 est
375 3794 408 3829 εε
427 3792 495 3844 quae
511 3784 615 3832 veteres
629 3779 701 3832 inter
722 3777 876 3832 abscondita
895 3783 1119 3842 memoraverunt,
1144 3789 1205 3843 qua·

109 3792 211 3914 tueque
226 3842 377 3899 auetosibus
390 3862 423 3898 es
435 3854 582 3915 exponunt,
604 3847 690 3917 palem
705 3848 837 3917 prolerre.

178 3912 255 3966 Haec
277 3911 312 3965 iis
335 3914 381 3983 qui
404 3913 520 3984 auguriis
537 3917 708 3971 adversantes
726 3924 818 3970 contre
832 3914 1009 3968 Ptolemaeum
1024 3909 1142 3981 argutari
1158 3928 1206 3964 eu-

111 3983 188 4064 dent,
214 3999 231 4064 ⁰.
251 3981 338 4035 multis
361 3983 537 4066 pauendieta
557 3994 643 4069 sumo.
679 3987 727 4039 sed
744 3985 802 4067 ‚iam
824 3992 926 4067 tempus
950 3990 992 4037 est
1007 3979 1127 4035 solsesadi
1142 3998 1207 4051 pro·

110 4068 207 4173 πεί),
222 4052 959 4191 ltgciguilianiffeeetmiiumpiisiiiissiiiieseuxiisiuiiamnianiffliiim
973 4120 1072 4172 habere
1085 4117 1205 4172 efficien-

112 4196 180 4255 t1ss,
198 4206 255 4242 eum
274 4197 365 4243 cetere
380 4191 468 4245 sidere
484 4190 582 4246 locales
598 4192 722 4247 babeant.
757 4190 854 4244 etenim
871 4190 958 4242 dutum
975 4198 1018 4243 est
1033 4190 1137 4242 omnino
1154 4187 1205 4240 soli

111 4266 142 4311 ut
156 4259 306 4311 interuentu
319 4259 412 4329 lunae,
436 4262 498 4314 buin
514 4268 545 4315 ut
559 4261 664 4317 obiectu
683 4270 772 4314 terrae
785 4260 944 4326 occultetur,
969 4258 1008 4312 sol
1025 4258 1053 4310 iu
1066 4250 1204 4311 constella-

113 4327 187 4382 tione
204 4328 332 4401 omnium,
354 4329 434 4402 luna,
457 4332 562 4402 quando
582 4340 624 4388 est
638 4330 716 4406 pleno
732 4329 839 4384 lumine.
874 4335 955 4402 etque
971 4328 1071 4384 hac-de
1086 4344 1118 4381 te
1131 4342 1208 4381 nemo
