2742 4642
277 316 336 385 DE
356 312 694 385 MAGISTRATIBUS
718 315 753 383 Ρ.
772 315 813 384 R.
837 315 965 386 LIB.I.
1093 318 1166 391 125

67 485 146 560 σατό
160 515 195 559 τε
208 488 266 576 τὴν
280 487 403 577 ἤπειρον
417 489 469 554 καλ
481 497 544 566 τοῒς
560 483 668 576 φόροις
682 483 836 576 έβάρυνεν.
887 491 942 577 (5)
961 488 1037 558 ὥστε
1051 488 1166 583 τόραν-

68 621 123 673 νος
136 586 175 678 ἦν
190 589 389 676 ὅῬωμόλος,
414 599 534 680 πρῶτον
547 594 604 674 μὲν
616 591 669 656 τδν
685 591 819 680 ἀδελφόν
835 593 947 660 ἀνελὼν
961 599 1012 660 καὶ
1030 597 1082 661 τδν
1097 597 1166 678 μεί-

69 702 143 779 ζονα
149 746 161 777 ,
187 699 238 761 κοιλ
252 694 393 782 πράττων
408 693 525 781 ἀλόγως
538 693 578 759 τὰ
591 698 827 782 προσπίπτοντα.
876 695 972 785 ταάτη
995 702 1045 763 καί
1064 702 1165 788 Κυρῖ-

69 825 124 878 νος
137 798 373 886 προσηγορεύθη
395 798 484 865 οἱονεί
506 797 625 885 κύριος,
650 796 707 863 κάν
729 801 756 864 εί
777 800 962 891 Διογενιανῷ
983 810 1027 891 τῷ
1048 807 1163 881 λεξικο-

44 901 182 991 5γράφῳ
199 902 299 979 άλλως
312 905 403 989 δοκῇ·
429 902 500 967 οὐδὲ
512 901 571 989 γὰρ
586 899 736 987 ἀγνοήσας
749 898 766 967 ὃ
777 900 964 989 Ῥωμόλοςῆ
980 904 1009 968 οἱ
1023 907 1087 970 κατ’
1104 908 1161 971 αό-

67 1007 123 1073 τδν
139 1008 291 1071 δείκνυται
305 1006 374 1071 κατ’
392 1006 484 1071 ίκεῖνο
499 1011 607 1091 καιροῦ
621 1002 818 1089 τὴνἙλλάδα
831 1005 944 1095 φωνήν,
960 1008 1015 1092 τὴν
1029 1011 1164 1075 Αίολίδα

66 1111 166 1195 λέγω,
193 1107 235 1188 ὥς
247 1134 341 1197 φασιν
356 1106 417 1174 ὅτε
430 1106 544 1174 Κάτων
561 1109 593 1173 έν
614 1114 659 1197 τῷ
679 1112 748 1195 περὶ
765 1106 933 1195 Ῥωμαϊκῆς
955 1109 1162 1197 ἀρχαιότητος,

68 1212 208 1300 Βάρρων
229 1237 261 1278 τε
282 1208 298 1277 ὃ
314 1213 585 1295 πολυμαθέστατος
602 1212 634 1276 έν
649 1213 824 1299 προοιμίοις
833 1220 894 1279 τῶν
910 1214 986 1300 πρδς
1001 1213 1163 1298 Πομπήϊον

69 1315 158 1403 αὐτῷ
172 1315 400 1401 γεγραμμένων,
430 1313 591 1402 Εὐάνδρου
606 1317 657 1380 καί
671 1321 733 1381 τῶν
748 1314 849 1381 ἄλλων
857 1316 1013 1404 Ἀρκάδων
1030 1321 1072 1395 είς
1083 1319 1163 1384 Ἰτα-

27 1434 64 1489 10
71 1421 144 1483 λίαν
158 1415 308 1483 ἐλθόντοιν
319 1419 393 1483 ποτὲ
406 1421 457 1483 καὶ
472 1419 526 1502 τὴν
538 1420 672 1484 Αἰολίδα
685 1428 749 1496 τοῖς
762 1417 933 1507 βαρβάροις
948 1419 1163 1508 ένσπειράντων

72 1518 194 1611 φωνήν.
239 1517 260 1604 ο)
273 1520 332 1609 γὰρ
345 1530 564 1609 γραμματικοῖς
576 1520 660 1608 παρὰ
672 1521 784 1606 ταύτην
797 1524 972 1608 είσαγομίνη
985 1526 1164 1611 ἐτυμολογία

72 1623 157 1709 μετὰ
177 1623 350 1710 συγγνώμης
370 1627 547 1707 βεβιάσται·
572 1623 632 1690 ἀπό
653 1623 781 1713 Κόρεως
801 1624 877 1714 γάρ,
901 1629 1043 1713 πολίχνης
1064 1631 1163 1711 Σαβί-

73 1752 148 1807 νων,
172 1725 267 1805 οὕτως
282 1727 373 1792 αιἰτδν
384 1733 658 1816 παρονομασθῆναι
670 1727 843 1811 βοόλονται,
865 1731 970 1817 καίπερ
988 1731 1044 1814 οόχ
1061 1728 1164 1817 ὁρμαί·

71 1856 166 1915 μενον
177 1831 306 1910 ίιιεΐθεν,
337 1832 384 1896 ed
408 1834 442 1896 δέ
462 1839 517 1898 τοῦ
530 1833 708 1896 Παλατίνου
728 1837 841 1914 βουνοῦ
864 1835 1009 1915 τεχθέντα
1027 1860 1059 1898 τε
1079 1835 1164 1921 παρὰ

32 1943 142 2012 ιόταῖς
154 1932 267 2017 ὄχθαις
278 1939 333 1998 τοῦ
348 1935 510 2021 Τιβέριδος
525 1935 576 1999 καί
590 1934 745 2022 τραφέντα
757 1937 825 2000 ἐκεῖ.
876 1938 998 2022 κυρίους
1018 1936 1076 2023 γάρ
1092 1935 1165 2001 ἔαυ-

71 2037 147 2114 τοδς
162 2039 213 2101 καὶ
231 2033 393 2116 δεσπότας,
411 2036 475 2102 ἀλλ’
492 2036 527 2103 uri
540 2038 686 2120 βασιλέας
699 2035 838 2124 τύραννοι
854 2044 976 2125 φιλοῦσι
990 2044 1163 2105 καλεῖσθαι.

73 2141 142 2225 (6)
168 2149 302 2228 κρεῖττον
317 2140 351 2204 δὲ
363 2142 519 2222 βασιλείας
533 2139 568 2205 τδ
581 2142 741 2227 Καίσαρος
755 2140 889 2222 άξίωμα,
924 2140 970 2205 ὅτι
990 2143 1040 2205 καί
1057 2145 1163 2206 δοῦναι

73 2244 222 2328 βασιλέας
236 2241 330 2308 πάλαι
343 2252 407 2320 τοῖς
419 2241 537 2309 έθνεσιν
552 2243 602 2307 ἐπ’
624 2244 761 2321 ίξουσίας
779 2241 848 2326 εἶχε.
897 2242 1023 2327 μισητὸν
1037 2243 1095 2330 γὰρ
1111 2246 1163 2308 καλ

70 2343 243 2431 Ῥωμαικῆς
270 2346 442 2437 ἐλευθερίας
469 2344 628 2435 ἀλλότριον
655 2345 819 2426 δεσπότας,
856 2345 935 2411 ἀλλὰ
956 2347 1001 2430 μὴ
1020 2347 1164 2428 βασιλέας

34 2450 150 2526 Ξδτοδς
163 2457 349 2536 κρατοῦντας
363 2447 535 2534 ὀνομάζειν,
563 2447 674 2516 καθότι
689 2447 835 2535 δεσπότης
854 2448 950 2533 ὄνομα
970 2448 1068 2515 κοινόν
1084 2452 1164 2515 ίστιν

76 2553 182 2630 αυτοῖς
196 2556 246 2618 καί
259 2563 322 2632 τοῖς
337 2555 388 2619 ἵνα
402 2555 553 2640 δραπέτην
566 2554 771 2638 κεκτημένοις,
805 2552 840 2618 sd
856 2555 889 2619 δέ
900 2554 1049 2636 βασιλέων
1064 2552 1164 2618 adrui»

76 2658 131 2722 καλ
142 2654 252 2739 μόνων.
296 2659 346 2722 καλ
359 2661 452 2740 δῆλον
465 2656 604 2743 ἀντικρὺς
620 2656 665 2722 ότι
675 2653 834 2740 Ῥωμαίοις
848 2655 921 2735 ἴθος
933 2656 1077 2721 dominos
1091 2656 1165 2734 τοδς

76 2758 322 2848 τυραννήσαντας
337 2760 506 2841 ἀποκαλεῖν,
532 2757 573 2837 ὡς
588 2760 625 2844 δν)
639 2757 760 2826 Σύλλαν
774 2763 825 2826 καὶ
838 2758 982 2849 Μάριον,
1006 2762 1057 2825 καὶ
1074 2762 1164 2842 δομι-

145 2902 163 2959 5
181 2899 341 2977 λεξογράφῳ
362 2903 440 2975 vulgo
463 2910 492 2958 et
510 2903 634 2958 hocloco
658 2905 717 2958 eti
737 2906 779 2960 17.
915 2905 934 2959 6
953 2901 1060 2958 ἐκείνου
1081 2903 1166 2973 prime

144 2989 236 3027 munus
253 2975 286 3027 C.
387 2975 405 3028 9
422 2969 551 3027 άλκάδοιν
567 2974 607 3025 Cr
624 2990 684 3026 eurr
700 2975 735 3027 F.
837 2974 873 3028 22
888 2968 976 3041 μόνον
996 2974 1033 3026 C:
1051 2990 1111 3025 eurr
1126 2973 1162 3026 F.

77 3091 185 3146 tributis
202 3093 330 3146 onerevit.
366 3092 419 3162 (5)
436 3109 518 3163 quare
533 3099 660 3159 tyrunmn
681 3098 739 3144 eret
757 3090 896 3155 Romulus3
919 3090 1087 3160 quiquidem
1107 3106 1165 3143 eum

76 3163 186 3214 fratrem
198 3162 281 3231 primo
295 3178 404 3231 eumque
417 3171 480 3215 netu
492 3161 614 3214 maiorem
627 3160 769 3227 interfecit,
782 3169 835 3212 tum
848 3169 946 3212 temere
961 3159 1085 3229 quicquid
1098 3158 1164 3242 egit.

76 3230 140 3284 binc
153 3247 256 3299 «lneque
274 3230 400 3293 Quirinus
415 3231 500 3284 dictus
514 3238 563 3298 est,
580 3229 608 3284 id
624 3238 666 3283 est
680 3227 774 3294 κύριος
792 3229 949 3295 (dominus);
967 3229 1085 3297 quemvis
1097 3228 1164 3282 Diu·

78 3300 200 3368 gestisne,
218 3299 401 3352 vocabulorum
415 3299 547 3369 scriptori,
565 3299 641 3352 aliter
653 3298 764 3368 placeat.
799 3316 858 3351 num
873 3307 976 3350 constet
989 3297 1123 3350 Romulum
1137 3303 1166 3350 st

77 3369 200 3438 aequales
219 3369 274 3421 eins
286 3367 399 3437 linguam
415 3371 559 3436 Graecum,
577 3367 692 3421 Aeoliam
710 3368 783 3432 dicu,
800 3384 853 3419 non
868 3367 876 3419 i
897 3384 1020 3435 norme,
1046 3377 1076 3419 ut
1092 3367 1166 3419 siunt

81 3438 158 3505 Cute,
174 3438 201 3490 in
216 3438 284 3491 libro
299 3439 331 3491 de
347 3438 502 3507 antiquitate
515 3439 640 3505 Romane,
657 3447 685 3490 et
698 3436 862 3490 doctissimus
903 3454 972 3502 arro,
988 3437 1015 3489 in
1032 3435 1165 3505 prooemio
1262 3501 1264 3504 y

78 3507 180 3560 illorum
199 3524 268 3576 quse
282 3509 314 3559 sd
331 3507 482 3576 Pompeium
500 3506 619 3576 scripsit:
637 3506 735 3577 quippe
750 3507 875 3559 Evander
892 3507 1025 3575 ceterique
1041 3506 1167 3570 Mendes,

79 3576 108 3628 iu
126 3575 227 3629 ltaliam
247 3574 308 3628 olim
323 3577 496 3645 transgressi,
518 3576 633 3629 Aeolium
656 3575 769 3642 linguam
790 3574 861 3628 inter
883 3577 1010 3628 barbaros
1034 3589 1164 3643 sparsere.

79 3645 930 3783 td..unstrut§.diffundunturndu
941 3643 1165 3766 addidit:

80 3782 151 3849 lunt,
169 3784 287 3852 quumvis
303 3800 354 3835 nnn
371 3783 433 3836 inde
448 3783 595 3850 oriundum,
621 3785 668 3836 sed
686 3782 713 3835 in
729 3783 794 3836 colle
807 3782 926 3837 Psintino
947 3783 981 3835 ed
1000 3778 1108 3832 Tiberis
1128 3778 1166 3829 ri-

79 3870 139 3922 pam
153 3860 240 3905 netum
256 3852 406 3920 ibidemque
422 3853 567 3905 educatum.
601 3853 718 3904 dominos
732 3853 833 3905 seilicet
848 3869 877 3904 se
893 3849 1009 3920 tyranni,
1027 3865 1079 3901 non
1091 3846 1152 3916 prin

79 3922 154 3991 cipes
172 3922 299 3991 appellari
313 3929 409 3975 emunt.
444 3922 486 3988 (6)
503 3920 586 3975 maior
598 3939 662 3974 vero
675 3938 752 3989 quem
765 3921 836 3988 regis
848 3928 890 3973 est
903 3918 1025 3972 Caesaris
1042 3915 1166 3983 dignitus,

79 3991 125 4060 qui
140 3989 183 4044 vel
197 4009 274 4060 reges
291 3990 413 4059 gentibus
428 3991 506 4043 dsndi
523 3990 582 4042 elim
597 3998 754 4059 potestatem
770 3989 900 4042 habuerit.
935 3987 1032 4069 quippe
1049 3986 1167 4039 odiosum

80 4068 123 4113 est
138 4070 217 4129 etque
234 4078 250 4113 u
266 4062 383 4113 Romane
398 4059 509 4112 alienum
525 4058 657 4124 libertate,
672 4060 799 4124 dominos,
816 4068 844 4111 ut
860 4075 912 4110 non
926 4057 1058 4127 principes
1075 4053 1166 4124 appel·

79 4129 135 4182 lure
148 4130 321 4199 impetentes,
346 4138 473 4197 quatenus
486 4128 583 4182 domiui
598 4145 689 4181 nomen
705 4144 836 4180 commune
849 4126 914 4198 ipsis
928 4134 956 4179 et
968 4141 1045 4177 unum
1061 4140 1166 4177 servum

79 4199 292 4269 possidentibus,
317 4197 443 4268 principis
460 4208 545 4252 nutem
558 4195 651 4249 nullius
671 4197 722 4248 nisi
741 4195 856 4265 ipsorum
871 4203 921 4248 est.
957 4212 988 4248 sc
1003 4194 1169 4247 menifestum

80 4285 189 4337 prorsus
205 4277 261 4335 est,
286 4269 416 4322 Romanos
432 4265 517 4321 solere
535 4267 652 4319 dominos
669 4264 801 4334 appellare
823 4282 869 4318 eos
891 4263 938 4334 qui
959 4264 1066 4331 menni
1082 4265 1166 4329 suere,

82 4338 160 4390 sieuti
179 4337 278 4405 Syllum
292 4336 417 4390 videlieet
429 4336 600 4404 Merumque,
616 4344 645 4388 et
656 4332 856 4388 dominationem
867 4334 1041 4403 tyrannidem.
1076 4331 1166 4403 depri-
