2742 4642
421 321 482 389 ne
503 247 712 404 inmersis
734 324 794 393 m.
923 297 927 306 '
1107 328 1157 402 ον

163 488 228 564 46.
279 497 341 580 Τῇ*
354 493 417 594 πρό
438 500 532 592 τριζόν
549 502 651 564 νοννῶν
666 489 834 586 Ἀπριλίαπε
843 495 999 589 Ἡρακλῆς
1017 499 1157 580 έπιίίκιος

63 596 206 679 nepteo,
239 589 291 662 ola
313 593 414 681 ὑγείας
432 597 537 700 dosp'p.
558 601 608 664 xci
628 597 773 687 ῥαφάνων
792 600 885 685 νόμος
905 603 982 669 κατὰ
1001 606 1053 670 τὸν
1072 593 1155 690 μόνα

62 707 170 765 τοῦτον
193 698 362 788 ἀπέχεσθαι
374 695 542 783 Ῥωμαίοις.
560 698 719 788 Ἡρακλῆς
734 707 768 769 di
787 701 803 769 ὁ
812 704 924 792 χρόνος
939 708 1021 791 παρὰ
1038 716 1080 795 τῷ
1094 716 1155 774 Νι·
1313 776 1323 796 .

61 800 189 888 κομόχιρ
210 801 342 894 εἷ’ρῃται,
354 799 448 867 ζᾶλλίι
467 804 534 887 μὴν
544 806 595 868 καλ
608 804 709 888 ἥλιος,
734 803 847 891 λέγοντι
860 810 956 885 οὕτως
969 806 987 830 “
994 806 1154 897 Ἡρακλῆς
1169 836 1198 890 p.
1214 820 1250 877 93

42 916 56 970 i
62 907 118 988 μέν
130 897 187 969 σόν
202 900 219 969 ὅ
235 901 290 987 τὴν
302 906 369 990 περὶ
383 905 436 971 τὸν
447 905 524 994 ἀέρα
536 905 643 973 κλάσιν
653 915 692 995 τῇ
705 916 764 974 rtis
775 906 863 996 ὡρῶν
873 921 1037 998 περιτροπῇ
1050 915 1155 981 ποιοό-

61 1032 162 1090 μενος,
175 1009 328 1076 τουτέστιν
337 1007 449 1091 ἣλιος.π
476 1010 525 1074 διὸ
537 1010 576 1092 δὴ
592 1012 643 1074 καλ
656 1013 688 1076 έν
700 1017 762 1089 τοϊς
774 1012 882 1079 τοότου
895 1017 1072 1099 μυστηρίοις
1084 1019 1155 1096 τοός

61 1110 195 1197 ἄρρενας
210 1112 390 1194 γυναικείαις
405 1116 527 1189 στολαῖς
542 1119 716 1194 κοσμοῦσιν,
742 1114 794 1180 ι’ίτε
810 1117 849 1200 δὴ
864 1118 896 1194 ἐξ
909 1114 1086 1202 ἀγριότητος
1103 1124 1156 1185 καλ

63 1212 186 1297 όγονίας
203 1219 260 1296 τῆς
273 1213 350 1278 κατὰ
367 1212 419 1279 τὸν
434 1220 569 1298 χειμῶνα
589 1215 756 1302 ἀρχομένου
776 1225 831 1283 τοῦ
844 1228 1049 1306 σπερματικοῦ
1065 1220 1154 1288 τόκου

62 1315 266 1398 θηλόνεσθαι.
297 1317 347 1381 καὶ
360 1322 456 1382 ταῦτα
472 1318 528 1399 μέν
545 1324 588 1405 τῷ
604 1316 671 1407 έαρι
688 1321 814 1385 ἐτέλουν.
835 1324 904 1410 τρία
925 1324 960 1386 δέ
976 1322 1058 1411 αὐτῷ
1070 1331 1154 1408 μῆλα

28 1431 56 1485 10
64 1419 95 1483 έν
112 1426 152 1505 τῇ
168 1423 241 1508 λαιᾷ
256 1428 324 1484 ταῖν
334 1429 436 1505 χεροῖν
451 1425 506 1503 τῆς
519 1418 632 1507 χρόνου
650 1420 690 1487 δι’
709 1420 803 1488 αότοῦ
818 1422 1020 1510 ἇναμερίσεως
1036 1425 1154 1509 σύμβο-

62 1527 131 1586 λον·
156 1527 254 1605 μῆλον
274 1523 330 1604 μέν
349 1521 409 1610 γὰρ
425 1522 478 1587 διὰ
492 1522 548 1606 τὴν
562 1523 640 1610 πρὸς
652 1524 705 1589 τὸν
719 1525 826 1612 καιρόν
839 1527 933 1593 αὐτοῦ
948 1527 1153 1610 συμπάθειαν,

62 1623 142 1710 ἀρχὴ
156 1624 191 1689 δέ
206 1621 319 1710 χρόνου
335 1625 438 1712 έαρινὴ
452 1622 559 1711 τροπή.
584 1629 635 1690 καλ
651 1625 751 1705 ἄλλοις
762 1629 797 1694 di
809 1631 888 1715 τρία,
913 1629 960 1695 ὅτι
973 1633 1119 1718 τριμερὴς
1136 1630 1152 1697 ὅ

59 1725 178 1811 χρόνος.
200 1724 319 1811 ἀνάγειν
333 1729 367 1792 δέ
382 1728 500 1812 λέγεται
513 1728 566 1793 τὸν
579 1726 721 1795 κόνατόν
730 1733 912 1819 τρικέφαλον
925 1735 958 1797 lx
969 1742 1024 1800 τοῦ
1038 1733 1152 1814 isladon,

63 1828 111 1894 ὅτι
132 1829 337 1918 φρουρητικὸς
358 1832 409 1894 καί
429 1830 609 1913 λυμαντικός
630 1828 773 1918 ὃχρόνος
795 1834 895 1922 ὥσπερ
911 1834 951 1918 δὴ
963 1834 1045 1924 καὶὸ
1061 1835 1153 1903 κόισν.

26 1945 55 2002 15
64 1941 143 2018 τρεῖς
159 1933 193 1998 δὲ
209 1930 291 2022 αὐτῷ
303 1933 450 2022 κεφαλαί,
477 1932 494 1998 ὅ
514 1959 547 1999 τε
568 1935 732 2021 παρελθόν
747 1937 798 1999 καὶ
813 1933 829 2000 ὃ
843 1936 968 2013 ίνεστὼς
980 1941 1031 2003 καὶ
1047 1936 1064 2004 ὁ
1078 1941 1154 2021 μέλ-

60 2040 122 2099 λων
143 2032 259 2119 καιρός.
284 2036 334 2099 καὶ
355 2034 455 2112 ι’ἱλλιος
478 2036 512 2100 δέ
532 2036 571 2101 τὰ
585 2039 655 2123 τρία
668 2042 752 2120 μῆλα
768 2040 895 2120 ληπτέον
907 2041 955 2104 tut
967 2035 1153 2128 Ἡρακλέους

60 2137 139 2202 κατὰ
160 2135 331 2225 φιλόσοφον
352 2135 452 2222 δόγμα
461 2184 471 2216 ,
498 2136 544 2202 ὅτι
564 2138 620 2214 τὰς
641 2150 722 2224 τρεῖς
738 2137 926 2225 περιόόοοςὸ
943 2139 1026 2228 ἥρως
1040 2142 1153 2220 ἀνόσας

58 2246 116 2305 τοῦ
129 2246 297 2326 πρακτικοῦ
309 2242 379 2322 βίον
392 2242 503 2317 τέλειος
514 2236 590 2305 εἶναι
600 2243 692 2306 δοκεῖ.
716 2239 812 2328 ταύτῃ
823 2245 874 2308 καὶ
885 2245 1058 2331 τριέσπερος
1070 2247 1152 2329 λίγε-

59 2367 111 2407 ται
132 2342 213 2407 κατὰ
232 2340 442 2431 Λυκόφρονα·
470 2335 553 2431 ’φησὶΙ
567 2340 648 2430 γάρ”
676 2345 853 2430 τριεστιέρου
873 2348 999 2424 λέοντος,
1026 2347 1061 2412 όν
1079 2374 1153 2413 ποτε

23 2443 192 2529 mucidare
206 2446 359 2530 Τρίτωνος
377 2442 523 2529 ἠμόλαψε
543 2442 697 2533 κάρχαρος
715 2444 822 2512 κόοιν.”
849 2448 884 2514 τό
905 2450 964 2535 γὰρ
979 2451 1057 2535 τρισὶ
1071 2454 1152 2528 νυξὶν

58 2545 218 2636 έσπιίρθαι
238 2547 291 2614 τὸν
313 2545 470 2636 Ἡρακλέα
487 2546 621 2633 μυθικόν
645 2551 735 2616 ἐστιν.
766 2550 870 2636 Ἥβην
891 2554 925 2618 δέ
946 2555 1153 2642 καλλίσφυρον

131 2745 147 2797 1
167 2738 306 2808 {decoctius
322 2760 364 2796 om
379 2741 413 2797 P.
534 2736 656 2805 ἐπίνικος
672 2742 707 2797 P.
760 2742 773 2801 Γ
825 2743 844 2799 4
860 2742 945 2813 λέγων
960 2747 1022 2801 Pv=
1041 2766 1101 2802 corr
1117 2750 1149 2803 8.

128 2812 146 2865 5
163 2812 261 2878 κρᾶσιν
274 2812 382 2866 Hasiua.
450 2811 469 2866 8
483 2806 599 2879 ἀτονίας
612 2813 775 2868 Creuzarust
793 2807 910 2884 ἆγορίας
922 2816 957 2867 V.
1027 2818 1060 2873 16
1074 2818 1150 2886 μῆλα

128 2880 182 2935 add
196 2875 230 2935 P.
333 2883 366 2935 19
376 2879 542 2951 ,Lycophrou
555 2881 600 2936 33.

127 3051 173 3106 46.
207 3053 242 3106 Δ.
263 3053 292 3108 d.
313 3052 440 3110 attonsa
458 3049 481 3108 A
500 3050 563 3106 rilas
579 3049 709 3108 Hercules
732 3049 826 3106 Victor
850 3049 998 3121 colebatur,
1025 3059 1071 3108 tan
1091 3072 1149 3110 uam

57 3120 182 3175 aanitmia
196 3121 283 3174 dator.
299 3130 327 3175 et
338 3120 462 3192 raphania
476 3070 526 3174 lica
538 3139 627 3174 mense
640 3121 773 3176 abstinere
786 3121 910 3174 Romanis
924 3140 978 3174 mos
992 3132 1058 3176 erut.
1105 3143 1148 3177 er-

57 3190 130 3244 cules
144 3199 232 3243 autem
245 3198 347 3260 tempus
360 3210 377 3244 a
390 3191 550 3244 Nicomacho
564 3190 648 3244 dictus
666 3197 722 3258 est,
745 3206 836 3242 verum
852 3197 879 3242 et
892 3189 946 3257 sol,
968 3190 1007 3243 ita
1029 3192 1148 3246 dicente:

56 3253 212 3312 “Hercules
234 3259 316 3328 igitur
336 3260 361 3313 is
384 3266 440 3328 est,
466 3259 511 3328 qui
535 3258 690 3312 fractionem
711 3275 779 3328 quae
795 3258 823 3311 in
840 3260 902 3312 aire
918 3259 950 3313 fit
966 3268 1150 3330 tempestatum

56 3327 233 3381 conversione
257 3328 356 3398 efficit,
380 3329 408 3382 id
429 3335 470 3381 est
488 3323 560 3379 sol.''
594 3328 661 3382 hauc
681 3327 800 3380 nimirum
823 3330 856 3381 ob
879 3345 982 3380 causam
1000 3338 1028 3381 et
1046 3329 1074 3382 in
1092 3332 1149 3386 eius

54 3396 194 3463 mysteriis
211 3415 296 3450 mares
315 3396 434 3451 femineis
447 3396 566 3450 vestibus
583 3401 694 3464 ornant,
711 3396 808 3466 quippe
824 3414 880 3449 cum
896 3406 958 3465 post
973 3398 1105 3453 feritatem
1122 3409 1151 3455 et

54 3466 275 3519 infecunditatem
290 3483 359 3535 quac
370 3467 455 3520 hieme
469 3465 571 3519 obtinet
584 3463 695 3534 incipiat
711 3482 817 3534 germen
830 3464 954 3518 seminale
967 3467 1086 3522 amolliri.
1122 3476 1151 3522 et

53 3532 124 3587 haec
145 3535 204 3587 veri
223 3536 385 3589 tribuebant.
419 3534 472 3588 tria
492 3541 578 3586 autem
601 3533 628 3586 ei
653 3534 720 3587 mala
735 3534 764 3586 in
782 3550 858 3586 manu
878 3534 1000 3603 sinistra,
1022 3537 1150 3606 temporis

54 3619 127 3671 quae
143 3620 194 3672 per
211 3621 270 3657 eum
286 3604 318 3657 fit
333 3603 482 3674 partitionis
499 3602 613 3669 signum:
638 3600 731 3656 malum
753 3602 821 3656 enirn
839 3604 872 3655 ob
890 3603 946 3656 eius
969 3622 1026 3660 cum
1047 3614 1149 3674 tempe·

54 3681 128 3724 stata
148 3690 317 3739 consensum,
340 3673 445 3726 initium
465 3679 551 3724 autem
573 3669 698 3740 temporis
717 3670 855 3724 solstitium
872 3690 989 3726 vernum.
1026 3681 1053 3727 et
1069 3692 1148 3743 prae·

53 3747 132 3794 terea
154 3741 222 3809 tria,
248 3741 369 3812 quoniam
390 3740 549 3812 tripartitum
567 3745 679 3810 tempus.
714 3742 825 3794 educere
847 3747 932 3793 autem
947 3741 1043 3794 dicitur
1057 3759 1147 3796 canem

53 3807 201 3878 tricipitem
216 3828 250 3863 ox
267 3810 398 3878 Tartaro,
417 3811 488 3881 quod
505 3809 638 3878 proprium
656 3814 698 3862 eat
712 3809 837 3891 temporis
856 3817 885 3862 ut
902 3811 1033 3862 custodiat
1047 3820 1075 3863 et
1086 3828 1147 3863 cor·
1261 3829 1266 3840 ·

53 3885 175 3961 rumpat²
200 3881 414 3949 quemadmodum
435 3878 555 3931 nimirum
576 3883 605 3931 et
620 3876 708 3930 canisc
736 3885 789 3931 trra
808 3885 894 3931 autem
918 3878 944 3930 ei
965 3879 1052 3947 capita
1076 3886 1147 3947 aunt,

52 3953 227 4016 praetentum
250 3965 376 4017 praesens
400 3955 428 4002 et
448 3950 563 4001 futurum
584 3954 637 3999 tem
657 3963 698 3998 us.
733 3955 761 4000 et
776 3954 915 4016 praeterea
929 3946 981 3999 tria
997 3946 1063 3999 mala
1075 3947 1145 3999 acci-

52 4017 154 4084 pienda
170 4017 199 4069 in
214 4017 329 4071 Hercula
352 4035 385 4071 ex
405 4017 502 4087 placito
519 4014 639 4085 philosop
659 4015 715 4083 το,
739 4017 810 4084 quod
831 4015 917 4067 tribus
938 4015 1054 4083 periodis
1075 4015 1147 4069 vitae

54 4102 186 4153 operosae
203 4085 318 4155 paractis
335 4087 413 4139 heros
428 4086 561 4155 perfectus
579 4101 638 4136 esse
651 4083 766 4137 videtur.
801 4100 882 4152 quare
898 4089 926 4134 et
942 4081 1079 4136 trinoctius
1096 4102 1146 4138 το-

52 4163 148 4217 catur,
177 4163 285 4206 auctore
310 4153 501 4237 Lycophrone3
528 4152 594 4206 dicit
616 4151 685 4205 enim
709 4146 849 4205 “trinoctii
864 4149 963 4217 leonis,
983 4158 1066 4221 'quam
1085 4151 1146 4207 olim

52 4220 168 4275 maxillis
185 4219 306 4276 Tritonis
340 4223 437 4277 crdidit
449 4240 527 4293 asper
539 4216 644 4275 canis.”
677 4219 763 4274 tribus
780 4221 848 4272 enim
862 4219 981 4272 noctibus
995 4229 1147 4289 generatum

52 4306 115 4343 essa
131 4290 274 4364 Herculem
291 4242 438 4347 saluimum
455 4301 505 4346 eat.
531 4290 637 4359 ‚Heben
655 4297 743 4345 autem
761 4287 883 4360 pulchros
899 4287 968 4342 talos
985 4291 1030 4358 (s.
1043 4292 1146 4361 pedes)
1244 4287 1248 4296 '

93 4369 207 4426 tomum
226 4370 325 4440 hydas.
