2742 4642
179 324 229 372 m
466 281 578 371 uaso
602 303 659 370 nn
683 303 840 371 tomus
864 302 983 373 nmo

178 525 239 565 non
248 505 347 564 minus
355 506 547 585 probaremus
556 502 689 589 (opinor)
696 506 728 564 in
744 524 779 564 eo
790 504 907 585 copiam
918 514 948 564 et
960 504 1062 566 literas
1073 515 1103 566 et
1116 506 1273 569 suentium

178 629 279 666 rerum
301 620 452 686 veterum,
471 629 564 692 quam
586 611 618 667 in
641 610 737 668 Fastis
760 607 900 684 ttondit,
921 610 974 691 qui
989 620 1199 689 argumentum
1212 612 1273 670 sibi

177 711 276 770 simile
304 715 450 791 sumpsit,
482 714 657 771 varietatem
685 721 715 769 et
742 730 867 769 acumen
890 722 920 771 et
942 715 1120 772 suavitatem
1145 715 1272 792 ingenii.

175 812 230 871 sed
240 813 293 871 ille
305 813 429 895 quidem
443 816 520 874 liber
533 825 613 874 totus
626 815 754 888 interiit,
777 824 863 872 extra
880 810 939 873 duo
952 817 984 872 in
998 814 1100 875 codice
1114 818 1271 878 caseolino

175 927 292 974 servata
314 917 406 992 folia,
434 920 638 997 epitomasque
661 925 814 994 praeterea
836 918 911 976 item
930 915 1004 976 duas
1026 919 1059 975 in
1080 916 1271 979 bibliothecis

174 1020 287 1096 passim
306 1029 457 1080 exstantes
478 1022 657 1100 Lipsiaeque
675 1037 704 1077 a.
725 1017 814 1094 1794,
838 1024 875 1095 8,
904 1040 945 1078 ex
962 1018 1134 1099 apographo
1153 1023 1270 1082 Nicolai

57 1139 85 1190 p·
103 1140 158 1179 ¹111
176 1118 301 1196 Sobora,
323 1123 501 1201 amplissimi
524 1124 580 1180 viri
603 1131 691 1201 atque
716 1119 894 1197 doctissimi,
915 1124 995 1202 typis
1012 1121 1185 1203 descriptas.
1229 1122 1269 1184 tle
1298 1194 1300 1199 χ

175 1224 284 1304 quibus
297 1226 434 1283 omnibus
447 1225 566 1303 planius
577 1221 703 1303 posthac
716 1222 830 1299 dicam,
848 1226 982 1306 itemque
995 1223 1176 1286 desecando
1188 1226 1269 1306 Lydi

174 1345 280 1405 opere,
302 1346 341 1385 oa
364 1343 623 1387 nsorsrnsrmos
645 1345 698 1385 nst
719 1342 868 1385 ruourcss
889 1328 1064 1405 Romae,
1086 1327 1154 1412 mol
1167 1322 1269 1410 ἀρχῶν

173 1430 229 1504 τῆς
240 1425 391 1506 Ῥωμαίων
405 1430 571 1505 πολιτείας,
593 1430 678 1487 libris
697 1429 791 1488 tribus
804 1440 872 1507 post
885 1433 1114 1490 commentarios
1127 1430 1165 1490 tle
1178 1434 1267 1491 Men·

170 1529 254 1586 sibus
274 1531 405 1608 vulgato.
447 1530 481 1590 id
503 1551 578 1612 opus
599 1542 759 1612 antequam
779 1527 837 1589 hac
853 1528 984 1591 editione
998 1535 1079 1613 typis
1091 1531 1268 1593 mandatum

171 1640 233 1704 est,
257 1650 312 1710 per
327 1652 420 1693 annos
435 1634 498 1693 fere
514 1634 577 1699 800
594 1632 711 1692 delituit
726 1635 757 1691 in
773 1652 833 1692 uno
848 1633 913 1693 solo
928 1633 1061 1715 (opinor)
1076 1655 1173 1717 eoque
1186 1638 1267 1696 male

170 1731 276 1793 affecto
288 1717 409 1812 coelice,
430 1758 486 1795 nec
500 1738 661 1817 quicquam
673 1737 796 1815 propius
812 1738 983 1796 estfactum
995 1756 1087 1819 qaam
1099 1748 1133 1796 ut
1145 1759 1269 1817 prorsus

170 1835 330 1897 occideret.
372 1841 493 1898 tertium
518 1850 618 1897 autem
639 1859 714 1920 opus
735 1848 780 1898 est
795 1849 865 1918 post
885 1839 939 1898 illa
962 1837 1021 1898 duo
1041 1841 1202 1919 scriptum,
1224 1860 1265 1900 ns

169 1939 344 2018 (toreuma,
365 1940 434 2025 περὶ
446 1943 641 2021 immortuo,
662 1959 758 2021 aeque
773 1940 920 2000 ineditum
932 1953 1050 2021 praeter
1062 1962 1157 2023 pauca
1171 1962 1266 2023 quae-

169 2037 260 2114 dam3
292 2062 352 2123 quo
379 2041 523 2125 quicquid
543 2041 581 2102 de
608 2045 776 2123 aruspicina
799 2044 1000 2126 fulguralique
1019 2047 1125 2124 populi
1138 2047 1267 2105 Romani

168 2138 327 2222 disciplina
348 2156 379 2203 et
401 2149 539 2206 universe
560 2142 598 2204 ds
619 2146 743 2204 scientia
764 2157 926 2225 saguntus
951 2145 1144 2229 dominaque
1162 2149 1266 2206 Tusca

63 2316 67 2323 .
166 2252 301 2324 tempore
322 2248 480 2305 Iustiniani
502 2246 578 2304 disci
598 2248 727 2323 scirique
748 2258 882 2324 poterat,
904 2261 1167 2330 quantumcunque
1191 2260 1264 2326 erat,

167 2343 246 2403 illud
256 2355 354 2403 totum
367 2345 471 2426 Lydus
487 2345 622 2407 eontulit.
666 2347 720 2424 qui
731 2346 809 2405 liber
822 2366 883 2427 quo
896 2359 942 2407 est
951 2352 1048 2429 magis
1062 2350 1264 2411 abstrusorum

166 2464 373 2528 novarumque
393 2468 493 2507 rerum
514 2448 623 2528 plenus
644 2444 744 2526 adque
763 2448 876 2526 priscas
896 2454 1002 2530 populi
1022 2455 1152 2511 Romani
1168 2458 1265 2513 meri-

166 2550 283 2608 monias
306 2551 545 2631 religionumque
568 2550 739 2608 sanctitates
764 2551 885 2610 isrtimas
908 2550 1075 2611 noscendas
1096 2553 1197 2629 utilis,
1226 2576 1264 2615 eo

165 2654 311 2711 maiorem
332 2650 483 2713 desiderat
501 2654 534 2710 in
552 2652 722 2731 legentibus
740 2648 958 2712 dubitationem
981 2665 1012 2713 et
1032 2673 1173 2730 acumen,
1201 2673 1263 2736 quo

165 2773 261 2813 norae
276 2766 344 2835 post
357 2758 395 2814 Ι).
409 2759 579 2835 Augustum
597 2774 652 2835 per
670 2764 774 2833 gentes
793 2755 879 2816 fusae
892 2757 1116 2835 superstitiones
1130 2758 1167 2816 ab
1182 2761 1262 2817 auti-

165 2859 318 2937 quissimis
338 2859 539 2938 reipublicae
559 2859 703 2917 institutis
723 2860 976 2940 Etruscorumquo
994 2862 1160 2940 praeceptis
1181 2873 1261 2921 recta

166 2955 396 3039 distinguantur.
438 2979 495 3019 uec
521 2957 677 3019 dissimulo
700 2961 822 3019 omnino
837 2979 888 3019 me
904 2958 1005 3021 dolere
1022 2961 1104 3044 qnod
1116 2973 1181 3022 tam
1193 2985 1261 3025 sero

51 3084 78 3135 p.
98 3081 149 3122 xrs
165 3060 269 3141 Lydus
286 3061 326 3122 ad
339 3060 512 3123 scribendos
522 3060 578 3123 hos
592 3061 685 3122 libros
699 3081 731 3121 se
749 3064 957 3142 applicaverit,
978 3084 1072 3126 anuos
1089 3077 1177 3126 natm
1193 3086 1261 3126 am·

163 3165 245 3243 plius
260 3167 318 3240 60,
339 3166 517 3224 labefactata
535 3166 597 3223 iam
617 3184 653 3223 ao
669 3165 829 3225 vacillante
843 3167 1036 3244 memoriola,
1057 3170 1140 3228 cuius
1156 3172 1260 3229 immi-

162 3269 248 3326 nutio
269 3287 338 3325 cum
359 3270 391 3326 in
415 3270 497 3328 omui
511 3269 653 3347 scriptore
667 3277 713 3326 est
725 3267 931 3345 incommoda,
951 3279 1018 3328 tum
1030 3274 1165 3330 maxime
1176 3274 1210 3331 iu
1223 3293 1260 3333 eo

162 3371 216 3450 qui
230 3368 398 3429 reconditas
412 3371 504 3451 inqua
517 3372 626 3448 vulgus
640 3370 759 3449 ignotas
774 3391 822 3431 res
834 3392 913 3432 unus
924 3382 1038 3431 traotm.
1081 3371 1159 3433 adde
1169 3374 1259 3451 illud,

162 3482 292 3545 veteres,
315 3474 341 3531 si
355 3471 475 3553 quaudo
489 3471 691 3532 inscribendo
709 3474 837 3533 aliorum
853 3475 943 3535 verba
961 3475 1117 3551 afferrem,
1139 3496 1258 3536 memo-

161 3575 234 3633 riter
258 3576 436 3656 plerumque
459 3595 516 3634 uec
537 3576 600 3637 ullo
620 3576 741 3635 evoluto
760 3577 914 3636 volumine
931 3597 967 3637 ea
984 3579 1051 3638 loca
1071 3598 1136 3637 esse
1152 3580 1185 3637 in
1203 3599 1258 3639 sua

158 3677 319 3735 mansferre
340 3681 449 3758 scripta
472 3679 592 3755 solitos,
612 3680 778 3738 sententiae
799 3680 1005 3759 multomagis
1021 3698 1112 3760 quam
1124 3681 1258 3740 vocabu-

160 3779 259 3838 lorum
274 3777 376 3839 habita
390 3783 513 3840 ratione.
556 3800 634 3861 qnae
650 3779 832 3842 consuetudo
845 3784 965 3841 tametsi
976 3802 1066 3861 saepe
1080 3780 1257 3862 trepidatio-

160 3900 231 3939 nem
244 3881 339 3944 doctis
352 3884 665 3966 perturbationemque
679 3884 795 3959 auulit,
816 3893 918 3942 tamen
932 3893 967 3942 ut
983 3885 1123 3943 universe
1138 3903 1256 3944 summa

158 3983 297 4045 codicum
312 3988 413 4065 inopia
426 3996 457 4045 et
469 3988 589 4045 caritate
605 3998 728 4068 totaque
741 3965 908 4045 studiorum
924 3995 954 4044 et
969 3987 1048 4044 vitae
1063 3988 1176 4045 rationo
1197 4005 1256 4044 ox-

158 4088 271 4162 cusarI,
293 4090 335 4147 ita
355 4090 388 4147 in
408 4090 445 4148 iis
462 4090 638 4168 praesertim
651 4089 822 4147 auctoribus
839 4087 952 4169 absque
965 4106 1074 4167 magno
1087 4097 1171 4146 mma
1182 4087 1256 4145 ferri

156 4200 257 4269 potest
277 4192 329 4271 qui
354 4202 455 4250 mente
478 4192 540 4249 acri
553 4200 583 4251 et
597 4192 718 4270 vigente
733 4192 825 4252 libros
841 4189 997 4250 ediderunt
1012 4197 1100 4250 mosi
1133 4187 1256 4269 Lydum

156 4302 274 4372 autem,
296 4293 476 4357 obliviosum
498 4313 534 4355 ac
554 4291 744 4378 desperatum
762 4313 883 4374 senem,
904 4294 1002 4356 fateor
1015 4293 1129 4375 passim
1145 4310 1182 4350 ea
1197 4288 1255 4351 ad-
