2742 4642
127 242 212 379 'xm
237 310 349 381 Htsll
373 310 431 380 DE
455 307 615 381 tostum
640 309 759 378 LYDO
786 307 1132 378 COMMENTARIUS.

131 511 290 575 delitescit.
331 531 395 572 non
418 508 501 593 qnod
525 529 630 570 verear
646 528 686 570 ne
704 507 804 570 nudus
815 506 896 592 nydi
907 518 1010 571 textus
1023 507 1119 569 doctis
1132 505 1238 567 homi-

130 618 220 677 uibus
240 635 303 676 nou
324 613 473 675 iucundus
495 616 534 673 sit
552 613 689 690 futurus,
711 616 762 673 rel
777 611 860 696 quod
873 622 978 693 putem
991 614 1139 672 iuveniles
1149 630 1237 672 meos

131 729 254 780 conotus
275 720 454 779 asstanti:
476 715 532 776 scd
550 726 584 776 nt
606 736 711 778 umnec
731 718 902 795 intelligant
918 716 1105 774 elaboratum
1121 736 1186 776 esse
1202 719 1237 773 in

129 824 189 883 isto
208 822 410 903 qualicunque
432 839 540 900 opere,
567 831 604 880 ut
622 819 796 880 liberalitati
818 820 1016 880 illustrissimi
1035 821 1178 896 fautoris,
1209 820 1237 879 si

129 927 232 985 miuus
253 926 359 984 ceteris
377 923 481 997 rebue,
504 920 661 1003 diligentis
676 932 756 983 certo
770 921 1010 1005 responderetur.
1052 942 1150 1005 neque
1162 941 1235 982 vero

131 1029 159 1114 si
172 1046 233 1111 qnu
244 1038 316 1088 sumt
329 1028 363 1085 in
376 1025 454 1085 libro
469 1022 508 1085 ds
522 1026 653 1086 Ostentls
665 1028 766 1088 miuus
780 1027 922 1108 perfectu,
938 1028 1016 1086 sicut
1026 1036 1105 1098 sunt,
1127 1028 1236 1084 iccirco

128 1131 168 1190 ab
190 1132 244 1190 illo
267 1128 385 1190 edendo
409 1126 590 1188 deterrebor.
632 1147 706 1187 num
726 1140 762 1188 ut
784 1131 923 1189 universe
935 1127 1040 1208 Lydus
1055 1130 1181 1187 minime
1195 1130 1238 1190 sit

130 1252 202 1292 cum
211 1235 338 1294 smnmis
354 1250 462 1291 eureus
474 1232 579 1290 ceretis
592 1232 761 1292 auctoribus
776 1229 1010 1312 comparandus,
1031 1232 1070 1290 iis
1085 1241 1164 1289 certe
1177 1229 1237 1289 sd-

129 1333 334 1395 numersndus
349 1343 395 1395 est
407 1335 461 1416 qui
472 1336 565 1393 totius
577 1331 752 1395 cruditionis
768 1338 925 1418 antiquus,
947 1338 1032 1395 cuius
1043 1354 1099 1394 uos
1111 1335 1237 1414 perexi-

129 1458 238 1518 guam,
260 1438 429 1498 maximum
441 1433 594 1495 hebebant
606 1436 792 1497 fucultatem.
835 1440 945 1521 quibus
958 1441 990 1497 in
1003 1438 1171 1498 unctoribus
1183 1439 1236 1495 ni-

129 1540 177 1601 hil
190 1543 255 1601 fere
269 1552 333 1600 tem
349 1540 416 1598 leve
429 1549 552 1620 tumque
566 1540 647 1598 exile
660 1552 713 1600 aut
724 1552 816 1601 tenue
829 1543 951 1622 reperiri
965 1551 1054 1622 puto,
1074 1538 1156 1623 quod
1173 1559 1237 1598 non

129 1646 257 1706 alicuius
281 1638 445 1725 aliquando
467 1644 614 1701 momenti
632 1663 716 1720 esse,
739 1642 858 1727 quodve
877 1655 956 1705 recte
977 1665 1045 1704 cum
1059 1644 1125 1705 eliis
1139 1643 1236 1702 collu-

26 1769 118 1813 uxm
128 1757 196 1807 tum
217 1766 280 1805 nou
303 1747 439 1826 uliquum
458 1747 618 1805 vetustati!
634 1755 753 1827 purtem
767 1767 845 1807 noun
857 1748 927 1807 luce
941 1748 1114 1808 collustrare
1127 1749 1235 1827 possit.

130 1848 208 1932 quid
228 1845 311 1929 quod
330 1845 425 1922 mihi,
446 1848 480 1906 in
493 1845 593 1908 stuciis
606 1844 683 1907 haec
695 1859 797 1909 nostru
811 1852 955 1926 intuenti,
978 1847 1125 1910 eiusmodi
1139 1849 1236 1908 libro-

130 1971 200 2012 rum
213 1948 323 2026 editio,
344 1952 372 2010 si
386 1952 440 2032 qui
454 1947 554 2009 adhuc
567 1950 678 2025 latent,
699 1948 739 2009 acl
750 1970 802 2011 eos
816 1924 1150 2032 potissimumsubiubi
1162 1954 1233 2029 sint,

130 2053 251 2117 videtur
265 2055 424 2135 pertinere,
444 2054 553 2134 quibus
563 2050 697 2112 custodio
711 2053 850 2114 codicum
861 2058 1132 2136 manuscriptorum
1145 2074 1236 2114 men-

131 2157 204 2217 dstu
229 2168 286 2218 ost.
328 2158 373 2217 sic
394 2157 478 2216 enim
498 2157 656 2232 existimo,
680 2176 827 2238 magnum
848 2179 913 2219 esse
933 2161 966 2219 in
987 2161 1081 2219 literis
1101 2160 1235 2236 Graecis,

130 2271 223 2344 utque
237 2258 314 2320 odeo
330 2261 519 2335 maximum,
540 2269 657 2319 veteres
671 2259 831 2321 emendare
846 2263 985 2340 ingenio,
1007 2262 1160 2341 explicere
1177 2258 1235 2320 ‹lo-

131 2368 246 2439 cutus,
266 2370 408 2422 natum
424 2362 570 2422 sermonis
589 2364 780 2440 perscrutari.
822 2374 910 2423 scuto
923 2373 1025 2423 tumen
1042 2365 1163 2444 iugenio
1180 2383 1235 2422 us-

130 2485 313 2549 quequaque
328 2463 413 2523 «liuec
437 2473 573 2542 possunt.
614 2464 669 2522 itta
689 2483 777 2541 vero,
798 2466 968 2547 fragmenta
987 2465 1102 2526 inedita
1119 2486 1234 2542 cruere,

128 2570 320 2649 glossatores,
341 2563 529 2641 scholiustns,
546 2575 682 2627 suctores
697 2566 888 2630 secundarios
902 2569 1110 2631 delitescentes
1124 2588 1234 2651 quum·

27 2746 32 2753 ἰ
128 2673 278 2753 plurimos
295 2673 329 2729 iu
348 2670 448 2747 lucem
468 2665 636 2744 vindicare,
659 2666 814 2751 doctisque
835 2667 1008 2741 hominibus
1024 2674 1068 2731 sic
1083 2690 1164 2731 nova
1176 2668 1234 2729 sd-

128 2777 264 2834 iumenta
286 2770 472 2854 comportore
496 2769 536 2830 ad
559 2773 718 2831 universus
739 2774 896 2847 vetustatis
916 2774 1166 2854 intelligentiam,
1197 2791 1234 2831 eu

127 2878 196 2937 sins
208 2875 347 2937 codicum
360 2877 448 2956 copis
458 2893 549 2934 nomo
561 2883 671 2953 potest.
714 2871 773 2933 hnc
787 2878 947 2957 praecipue
960 2888 1031 2937 sunt
1044 2878 1151 2956 opinor
1162 2894 1234 2956 pur-

23 3008 27 3015 ·
128 2990 175 3040 tes
194 2992 330 3057 nostrae,
357 2997 466 3058 purum
485 2974 636 3037 iucundus
654 2978 798 3055 fortusse,
826 2976 881 3039 sed
899 2979 1004 3040 utiles:
1027 2979 1136 3059 quibus
1154 2987 1234 3036 recte

128 3083 203 3142 sctis
217 3094 247 3143 ct
261 3083 333 3143 satis
344 3081 443 3141 officio
457 3091 560 3141 nostru
573 3082 689 3140 fuctmn
701 3101 767 3143 csso
777 3090 861 3163 puto,
882 3090 914 3143 st
926 3081 1045 3143 abundo
1058 3081 1235 3162 praestitum

129 3186 346 3246 emtimuuoni
362 3186 502 3268 vitaeque
517 3194 649 3246 nostrus.
