2742 4642
689 195 703 226 Ο

294 399 304 436 ,
403 319 809 433 ὀσαστετσσετα
893 429 904 448 ,
1111 365 1160 438 σε

67 527 191 598 “donov
210 529 236 597 τ’
252 527 413 615 ἐννεάχιλοι
426 533 582 620 ἐπέαχονῆ
598 523 778 621 ὸεκάχιλοι.”
804 530 822 599 ὸ
841 531 900 624 yde
916 528 1013 621 μάρια
1027 530 1164 625 ἄριθμὸς

70 634 230 720 ὸοριστέας
243 634 305 701 ἐστὶ
319 633 461 714 δεκτικὸς.
1216 693 1224 708 .

75 761 80 766 ·
166 737 238 805 50.
288 745 326 825 τῇ
343 740 402 824 πρὸ
427 742 572 825 ὸεκαμιῶς
595 742 753 816 καλανδῶν
772 741 890 806 Molos
907 734 1090 822 ὸῬωμάλος
1106 741 1163 824 τὴν

65 836 189 923 Ῥῶμην
203 838 333 920 ἐπάλισε,
356 840 471 921 πάντας
484 844 557 921 τοὸς
570 841 798 928 πλησιοχώρους
812 839 1070 926 συνκαλεσάμενος
1075 890 1085 921 ,
1110 844 1158 909 ἐν·
1174 863 1203 921 p·
1220 846 1255 902 98

45 940 249 1026 ὅτειλάμενάς
269 969 302 1009 τε
323 943 425 1036 αὸηοῖς
447 931 480 1011 la
494 953 550 1030 τῆς
562 943 676 1012 ἑαυτῶν
686 944 792 1032 χώρας
804 950 905 1028 βῶλον
917 945 1162 1028 ἐπικομέσασθαι,

13 1061 15 1086 '
68 1044 168 1133 ταύτῃ
183 1042 285 1129 πάσης
300 1044 406 1134 χῶρος
419 1033 564 1115 ὸεσπάσαι
582 1049 638 1132 τὴν
650 1045 771 1132 Ῥώμην
787 1043 999 1130 ολωνιζάμενος.
1025 1046 1116 1125 αιῖτός
1129 1073 1163 1114 τε

69 1148 227 1237 ἱερατικὴν
251 1147 401 1236 σάλπιγγα
424 1152 587 1235 άναλαβῶν
612 1150 794 1235 (λέτουονῶ
817 1150 911 1235 αιἰτὴν
931 1151 1064 1238 πατρίως
1078 1147 1161 1215 Ῥω-

68 1254 174 1335 μαιόις
185 1251 261 1329 ἐθος
272 1258 382 1333 καλεῖν,
395 1253 455 1320 άπὸ
467 1261 523 1340 τῆς
534 1255 632 1338 λιτῆς)
643 1250 810 1342 ἐξεφάνησε
819 1253 854 1319 τὸ
867 1260 922 1337 τῆς
931 1250 1046 1330 πόλεως
1053 1251 1160 1338 ὄνομα,

70 1353 175 1439 πάσης
195 1356 347 1442 ἱερατικῆς
365 1347 483 1442 τελετάς
503 1355 699 1442 ἡγησάμενος.
722 1354 855 1441 ὀνόματα
876 1357 910 1422 dd
928 1362 968 1442 τῇ
982 1355 1065 1421 πόλει
1080 1357 1161 1445 τρέα,

28 1470 65 1523 10
72 1458 243 1526 τελεστικὸν
264 1458 412 1546 ἱερατικὸν
429 1459 590 1541 πολιτικόν,
608 1460 775 1527 τελεστικὸν
787 1461 843 1543 μὲν
855 1459 942 1525 οἱονεὶ
950 1458 1059 1547 Ἔρως,
1083 1458 1162 1525 ῶστε

71 1559 189 1638 πάντας
201 1559 292 1648 ἔρωτι
313 1564 390 1650 tolo
403 1565 471 1651 mol
484 1562 541 1646 τὴν
554 1562 642 1629 πάλιν
655 1564 848 1647 κατέχεσθαι,
869 1563 931 1645 (διὸ
945 1563 996 1627 καὶ
1008 1561 1163 1649 Ἀμαρυλ-

73 1667 144 1729 aloa
155 1665 212 1748 τὴν
223 1662 311 1729 πάλιν
323 1662 339 1729 ὸ
353 1666 478 1749 ποιητὴς
489 1669 716 1751 αένιγματωὸῶς
726 1662 930 1747 βουκολιάζων
942 1664 1061 1747 καλεῖ),
1078 1664 1163 1752 ἱερα-

66 1767 157 1872 οταιὸν
170 1768 206 1832 δὲ
222 1771 349 1854 Φλῶρα,
375 1768 462 1833 οἱονεὶ
478 1768 628 1847 άνθουσα,
648 1768 724 1835 ὅθεν
737 1768 815 1834 κατὸ
830 1765 944 1850 ταάτην
956 1764 977 1850 ἦ
991 1774 1053 1833 τῶν
1068 1766 1162 1832 άνθε·

71 1873 206 1956 στηρέιιιν
222 1867 331 1956 ἑορτή,
356 1870 508 1937 πολιτικὸν
529 1874 563 1936 δι’
577 1868 691 1954 Ῥῶμα.
715 1873 766 1936 καὶ
783 1870 818 1936 τὸ
834 1871 890 1954 μέν
906 1869 1056 1956 ἱερατικὸν
1070 1876 1162 1935 πᾶσιν

32 1966 110 2059 15ἦν
124 1979 222 2057 δῆλον
235 1975 286 2038 καὶ
301 1973 398 2050 ὸὸεῶς
413 1975 577 2062 ἐξεφέρετο,
596 1975 631 2040 τὸ
646 1975 680 2040 (λε’
693 1973 861 2039 τελεστικὸν
870 1969 975 2056 μάνοις
986 1982 1049 2049 τοῖς
1060 1971 1162 2059 άρχιε-

68 2085 178 2167 ρεῦσιν
193 2074 310 2161 ἐξάγειν
323 2079 373 2142 ἐπὶ
386 2085 447 2142 τῶν
461 2078 549 2164 ἱερῶν
564 2077 778 2163 ἐπετέτραπτο·
803 2078 854 2139 καὶ
868 2071 956 2158 λόγος
967 2073 1072 2151 ποινάς
1085 2070 1163 2138 dno·

69 2191 156 2265 σχεῖν
176 2179 323 2246 τινὰτῶν
343 2182 374 2243 ἐν
387 2182 463 2245 τέλει
478 2180 552 2245 nord
566 2179 635 2244 ἄνθ’
649 2170 692 2244 ῶν
705 2180 820 2243 ἐπὶτοῶ
833 2175 1019 2260 πλήθουςτὸ
1032 2182 1164 2242 τελεστι-

13 2309 15 2320 ’
71 2283 129 2349 τὸν
146 2282 243 2366 ὄνομα
253 2289 309 2365 τῆς
320 2280 435 2359 πόλεως
447 2282 623 2368 ὸναηανὸὸν
635 2277 808 2368 ἐθάρρησεν
821 2283 950 2358 ἐξειπεῖν.
972 2279 1050 2360 μετὰ
1062 2279 1096 2342 oe*
1108 2278 1163 2360 τὴν

71 2389 121 2453 ἐπὶ
134 2393 175 2474 τῇ
190 2382 382 2472 άναγορεάσει
395 2392 450 2468 τῆς
462 2382 578 2462 πόλεως
590 2386 710 2468 τελετὴν
725 2380 829 2465 ζεάξας
845 2388 957 2469 ταῦρον
969 2381 1046 2465 μετὰ
1062 2375 1164 2462 δαμά-

34 2496 150 2567 toleror
161 2493 309 2574 περιῆλθε
323 2488 358 2553 τὸ
372 2500 478 2573 τεῖχος,
503 2489 556 2553 τὸν
566 2489 622 2570 μέν
636 2486 747 2575 άρρενα
760 2487 807 2552 ἐπὶ
819 2486 876 2569 τὴν
888 2491 943 2550 ταῶ
956 2486 1060 2549 πεὸέον
1072 2488 1163 2548 πλευ-

71 2594 133 2682 ρὸν
154 2589 269 2671 ζεάξας,
293 2591 349 2673 τὴν
372 2593 406 2656 δὲ
428 2590 556 2674 θήλειαν
572 2592 618 2656 ἐπὶ
632 2590 667 2655 τὸ
681 2597 737 2672 τῆς
749 2587 864 2666 πόλεως
875 2588 977 2674 μέρος,
1003 2587 1079 2652 ὥστε
1092 2585 1165 2662 τοὸς

67 2697 129 2780 ,τιέν
141 2693 272 2782 άρρενας
285 2687 350 2771 τοὶς
362 2693 421 2773 ἐξω
438 2697 576 2788 γε’νερθαι
591 2691 752 2781 φοβερούς,
776 2693 833 2768 τάς
851 2693 885 2756 da*
898 2692 1025 2773 θηλείας
1036 2698 1100 2765 τοῖς
1115 2687 1162 2752 ἐν·

71 2803 131 2866 ελον
149 2800 302 2883 γονίμους.
327 2799 377 2863 καλ
398 2785 502 2881 λαβὸν
523 2802 628 2900 βῶλρν
646 2798 679 2862 ἐκ
700 2802 761 2861 τῶν
780 2794 843 2873 ἐξω
861 2800 917 2877 τῆς
934 2790 1049 2869 πόλεως
1063 2795 1163 2878 μερῶν

143 2962 159 3015 1
178 2954 340 3027 ἐτυεαχέλιοι
355 2990 390 3002 -
407 2957 555 3028 θεκαηλλιοι
570 2959 606 3014 V.
711 2959 745 3015 17
758 2954 844 3026 ποτὶ]
860 2954 963 3009 τούτου
979 2954 1013 3008 Ρ.

42 3147 47 3156 .
71 3095 219 3167 antiquitas
236 3096 402 3162 numerabat,
425 3101 456 3149 ut
470 3095 528 3167 ipsa
544 3095 675 3150 Homerus
698 3090 845 3166 “qnantum
866 3092 958 3146 novies
978 3089 1048 3143 mille
1066 3089 1161 3171 olama-

71 3169 138 3224 bant
151 3166 198 3220 vel
211 3166 299 3220 decies
314 3164 391 3217 mille.
399 3159 416 3182 ”
450 3166 537 3218 decies
551 3166 619 3218 enim
632 3164 702 3218 mille
715 3181 835 3218 numerus
848 3163 1002 3216 infinitatem
1014 3158 1137 3212 admittit.

142 3237 187 3290 50.
223 3238 257 3288 A.
273 3237 300 3289 d.
319 3237 349 3286 11
365 3232 497 3287 Kalendas
514 3234 599 3288 Maias
615 3232 739 3288 Romulus
754 3235 860 3286 Romam
878 3229 1009 3294 condidit,
1024 3233 1161 3297 postquam

73 3323 167 3360 omnes
178 3304 279 3358 accolas
295 3303 451 3356 convocavit
463 3303 591 3373 iussitque
608 3322 654 3356 eoo
672 3302 832 3372 exipsorum
848 3311 921 3356 terra
938 3299 1040 3368 glebam
1056 3297 1162 3361 afferre,

72 3376 124 3428 huo
139 3391 171 3427 ra
188 3374 306 3426 omnibus
322 3372 402 3426 terris
424 3372 607 3442 imperaturam
630 3373 737 3425 Romam
762 3388 906 3438 augurans:
930 3378 958 3421 et
978 3367 1036 3436 ipse
1059 3373 1164 3433 sumpto

71 3446 139 3497 tuba
161 3441 318 3496 sacerdotali
344 3441 452 3507 (lituum
468 3450 554 3494 autem
571 3459 627 3494 eam
642 3440 728 3511 patrio
745 3457 864 3493 sermone
876 3437 987 3491 Romani
1003 3451 1099 3488 vooara
1116 3451 1161 3485 so-

73 3512 144 3578 lent,
168 3531 185 3566 a
199 3529 267 3564 voce
283 3505 342 3577 λἰτή
357 3510 377 3563 i.
392 3529 417 3563 a.
435 3510 571 3581 precatio)
588 3508 769 3579 pronuntiavit
782 3509 854 3561 urbis
874 3525 983 3572 nomen,
999 3522 1100 3557 omnem
1115 3519 1160 3554 sa-

74 3581 233 3638 cerdotalem
255 3580 428 3633 initiationem
450 3578 609 3649 auspicatus.
643 3578 747 3632 nomina
764 3587 848 3632 autem
862 3576 921 3631 urbi
936 3575 990 3628 tria>
1004 3579 1096 3638 erant,
1116 3585 1160 3621 ar-

73 3667 182 3719 canum,
203 3649 378 3718 sacerdotale,
402 3646 549 3718 politicum:
571 3665 708 3716 arcanum,
725 3647 798 3700 velut
813 3649 908 3713 Amor,
924 3653 955 3698 ut
968 3659 1056 3695 omnes
1073 3654 1162 3692 umore

73 3720 166 3773 divino
182 3719 253 3773 airon
267 3720 356 3771 rubam
370 3724 538 3784 tenerentur,
551 3717 621 3770 undo
637 3725 665 3770 et
678 3716 836 3785 Amaryllida
848 3717 938 3769 urbem
953 3713 1031 3782 poito
1044 3726 1093 3778 per
1105 3723 1159 3759 am-

74 3792 157 3858 bages
173 3788 201 3841 in
219 3787 332 3841 carmina
349 3786 466 3839 bucolico
484 3796 577 3850 ποσσις
594 3786 765 3854 sacerdotale,
783 3784 871 3850 Floro,
889 3783 961 3836 velut
972 3781 1078 3844 florens,
1092 3774 1162 3856 unde

74 3858 127 3911 hoo
142 3857 187 3912 die
199 3856 342 3911 Floralium
354 3855 456 3922 leria03
480 3854 613 3924 politicum
629 3865 715 3909 autem
729 3857 821 3908 Roma.
855 3862 884 3907 et
899 3846 1063 3927 sacerdotale
1077 3859 1160 3925 omm-

73 3928 125 3981 bus
150 3935 209 3980 erat
231 3933 318 3978 notum
340 3932 366 3979 at
387 3923 471 3977 libare
492 3924 665 3992 efferebatm
690 3941 811 3977 acanum
830 3939 894 3974 vero
915 3918 976 3972 solis
991 3912 1159 3993 ponuficrlrus

73 3997 197 4066 proferre
217 3994 247 4047 in
264 3993 347 4047 sacris
370 3992 521 4063 permissum
543 4003 613 4058 στοις
640 4001 669 4046 at
685 3994 755 4045 fama
773 3998 815 4048 est
828 4006 926 4061 poenas
938 3985 1066 4055 quondam
1078 3981 1159 4033 luisse

74 4066 205 4135 quandam
227 4064 422 4133 magistratuum
445 4069 585 4132 propterea
607 4063 677 4133 quod
697 4079 784 4115 coram
806 4058 902 4129 populo
927 4071 1019 4109 nomen
1038 4066 1158 4104 oronnam

76 4133 150 4189 urbis
172 4131 257 4202 palam
281 4139 389 4185 conatus
407 4137 478 4204 esset
493 4131 589 4200 eloqui.
624 4138 686 4201 post
701 4129 873 4184 initiationem
893 4133 978 4179 autem
996 4138 1063 4205 quae
1079 4120 1161 4172 fiebat

75 4203 104 4256 in
127 4202 233 4257 nomine
257 4200 317 4255 urbi
340 4199 468 4267 iudendo,
493 4199 580 4254 iuncto
604 4206 680 4254 tauro
702 4217 759 4252 oum
782 4198 893 4250 iuvenca
907 4195 1036 4248 circumut
1051 4205 1160 4253 murum,

76 4290 147 4326 mare
168 4272 294 4326 adversus
319 4268 376 4337 agri
397 4277 498 4338 partem
521 4269 626 4336 iouolo,
643 4268 742 4322 femina
761 4267 887 4320 adversus
908 4262 981 4317 urbis
999 4266 1114 4332 partem,
1130 4263 1161 4308 ut

77 4359 162 4394 merea
178 4340 277 4393 extorio
292 4339 388 4392 fierent
402 4338 518 4406 timendi,
536 4338 648 4393 feminae
664 4335 814 4391 domesticis
830 4335 975 4401 fecundam
991 4342 1019 4385 at
1033 4337 1161 4398 sumptam
