2742 4642
220 1087 790 1202 DOMINICUS
868 1086 1117 1200 FUSS
1230 1152 1366 1210 μω,

449 1295 893 1390 lucrosi

571 1550 780 1563 a*

114 1737 253 1844 Peme
274 1770 399 1835 effluent
417 1774 538 1836 romu
554 1772 634 1857 cyri
649 1777 748 1856 opero
767 1771 805 1835 ue
820 1772 1043 1854 nigrontum
1059 1773 1103 1833 re
1117 1774 1221 1854 pusu-

115 1897 170 1938 cne
188 1882 360 1956 Romanae,
382 1896 474 1960 quum
488 1875 566 1937 milri
579 1876 735 1938 mundavit
746 1880 793 1939 vir
804 1876 1024 1935 illustrissimus
1039 1878 1123 1937 cuius
1138 1898 1155 1935 e
1168 1898 1222 1936 oo-

116 1978 186 2039 dice
209 1983 354 2063 cuiusque
371 1981 576 2040 munificentie
595 2002 676 2041 nunc
689 1984 723 2040 in
735 1982 835 2041 lucem
848 1976 966 2058 prodit,
987 1997 1083 2058 peuce
1095 1976 1172 2039 huec
1183 1977 1223 2039 de

114 2083 222 2143 labore
233 2103 303 2144 meo
314 2083 445 2164 praeferi
458 2103 520 2143 non
533 2085 640 2144 inutile
653 2082 796 2143 Iudicavi.

204 2183 324 2262 (lodex,
345 2204 406 2267 quo
427 2205 488 2245 uno
508 2205 580 2247 usus
601 2206 688 2262 sum,
709 2195 773 2244 tum
788 2183 868 2242 mele
886 2179 1010 2241 effectus
1028 2191 1074 2242 est
1088 2191 1122 2242 ut
1136 2203 1223 2243 com-

110 2288 258 2371 pluribus
278 2289 353 2351 locis
371 2291 486 2370 legenti
505 2308 627 2370 prorsus
648 2290 688 2347 sit
705 2282 942 2368 desperandum,
964 2286 1089 2366 eiusque
1109 2295 1144 2344 ut
1162 2286 1223 2345 ulie

113 2392 235 2468 mults,
261 2393 304 2451 sio
331 2412 372 2451 ex
398 2412 488 2473 opere
518 2390 556 2452 de
583 2390 807 2471 Mugistmtibus
834 2408 897 2449 nou
916 2406 1012 2469 peuce
1032 2389 1220 2449 interierunt.

113 2512 196 2577 quse
208 2513 280 2554 vero
294 2514 336 2554 ex
350 2492 409 2554 hoc
422 2497 488 2575 ipso
504 2515 594 2576 opere
608 2515 695 2555 cesus
707 2512 863 2574 superesse
874 2492 988 2581 voluit,
1009 2512 1060 2569 ee,
1082 2496 1221 2576 quemvis
1238 2521 1268 2577 p.
1286 2516 1363 2559 mx

112 2598 209 2676 punio
228 2616 322 2678 quum
340 2607 454 2656 ceterue
475 2598 618 2679 reliquiae
636 2599 793 2657 laetiorem
813 2605 926 2655 sortem
946 2604 1087 2675 experte,
1115 2597 1221 2656 multis

112 2707 219 2757 tumen
232 2699 308 2759 locis
320 2699 445 2759 obscure
458 2708 577 2759 tuntum
591 2701 747 2759 literarum
762 2699 907 2777 vestigio,
928 2696 1033 2758 miultis
1047 2715 1166 2780 quoque
1181 2719 1220 2758 ne

111 2796 193 2859 lineo
205 2798 331 2882 quidem
343 2799 499 2862 exhibent·

199 2905 298 2977 Quare
311 2905 410 2984 prime
423 2900 501 2962 milri
517 2923 588 2964 curu
602 2904 661 2963 fuit
675 2913 810 2980 textum,
833 2900 934 2984 quoad
948 2899 1014 2961 fieri
1028 2911 1148 2982 posset,
1168 2904 1220 2963 in·

111 3015 238 3084 tegrmn
250 3004 380 3065 trudere.
424 3003 496 3066 huic
506 3008 708 3087 ingratissimo
723 3009 843 3065 muneri
852 3025 908 3086 pro
921 3005 1035 3064 viribus
1048 3006 1220 3064 sntisl'noere

111 3111 258 3188 cupiens,
278 3107 496 3190 investigandis
515 3110 671 3170 literarum
692 3110 827 3192 reliquiis
847 3104 1048 3186 competendo
1067 3118 1098 3167 et
1115 3110 1220 3169 conie-

112 3207 225 3271 clundo
242 3210 410 3290 plurimun
429 3215 573 3292 temporis
591 3215 757 3293 insumpsi3
780 3229 842 3292 quo
866 3208 992 3292 quidem
1010 3208 1045 3269 id
1065 3224 1219 3275 essecutus

113 3332 185 3372 sum
205 3323 241 3373 ut
261 3316 383 3374 nonnisi
402 3317 583 3394 paucissimo
596 3316 750 3375 orniserim
765 3323 816 3371 eut
829 3332 937 3371 menon
951 3313 1142 3394 reliquerim,
1163 3336 1221 3375 ne·

113 3433 176 3496 que
188 3424 301 3493 tomen,
324 3414 407 3497 quod
421 3419 556 3476 muirne
571 3415 737 3477 cavendum
751 3415 904 3497 putabam,
925 3425 1039 3475 temere
1052 3416 1220 3501 quidquem

111 3517 147 3575 in
174 3526 294 3577 textum
318 3523 493 3600 receperim.
535 3540 591 3579 nec
612 3522 763 3579 minorem
781 3537 884 3578 curum
897 3527 999 3579 textus
1015 3519 1220 3584 emendetioni

111 3617 268 3698 impendi,
290 3622 387 3680 multo
404 3618 581 3697 difficiliori,
602 3631 670 3680 tum
683 3618 766 3703 quod
779 3641 841 3682 uno
855 3630 975 3681 tuntum
987 3620 1090 3683 codice
1102 3625 1218 3705 utebar,

112 3731 179 3779 tum
198 3719 283 3803 quod
302 3722 445 3783 orationis
460 3720 683 3784 distinctionem
698 3733 751 3784 eut
763 3724 881 3783 nullum
895 3734 946 3782 rut
962 3743 1137 3804 perversum
1150 3730 1221 3810 ple-

111 3842 242 3906 rumque
263 3825 459 3905 reperiebam.
501 3827 574 3886 vitiu
597 3838 700 3887 eutem
719 3827 895 3906 multiplicis
911 3827 1034 3905 generis
1047 3832 1162 3908 possim
1175 3843 1221 3895 tot
1232 3856 1260 3910 p.
1273 3852 1363 3895 mur

110 3927 324 4005 occumbent,
345 3937 395 4004 ut,
417 3929 514 3988 sicubi
526 3932 590 3990 sive
604 3928 749 3989 mendum
760 3948 823 3989 uon
840 3924 1066 4009 deprehendero
1079 3936 1144 3998 ,ive
1156 3939 1220 3997 mi.

110 4048 171 4089 nus
193 4041 275 4089 recte
298 4029 516 4108 emendavero,
538 4033 590 4092 vel
604 4031 727 4113 propter
742 4030 985 4111 corrigendorum
998 4031 1153 4101 ingentem
1167 4044 1221 4084 00-

110 4132 196 4211 pium
212 4132 250 4191 ub
265 4135 370 4215 nequis
381 4134 545 4195 lectoribus
557 4138 680 4195 venium
691 4154 811 4215 sperare
825 4137 933 4195 susim.
976 4142 1067 4212 utque
1079 4123 1139 4185 lroo
1152 4128 1220 4188 loco

109 4253 233 4316 nequeo
246 4238 321 4318 quin
334 4238 411 4297 cru.
425 4241 542 4299 stsn.
555 4241 659 4299 ilssro
668 4248 704 4301 et
716 4238 884 4298 Guroonro
897 4238 1079 4296 Grouorsnr
1090 4235 1219 4293 Zssrco

109 4334 396 4419 Thessalonicensi,
419 4337 600 4403 doctissimis
613 4342 703 4423 viris,
723 4341 844 4420 publice
856 4341 968 4422 gratius
981 4354 1088 4418 egem:
1110 4335 1220 4418 φύν·
