2742 4642
217 1067 786 1181 DOMINIGUS
864 1066 1113 1180 FUSS
1227 1132 1357 1190 W

445 1274 890 1370 iuononi

568 1529 777 1542 a*

112 1716 250 1824 Primae
270 1748 396 1814 editioni
413 1754 535 1816 loannis
550 1752 630 1837 Lydi
646 1756 745 1837 operis
763 1751 801 1815 de
816 1752 1040 1834 Magistratibus
1055 1753 1099 1813 rei
1114 1754 1218 1834 publi·

112 1876 167 1917 eae
184 1861 357 1935 Romanae,
379 1876 471 1940 quam
485 1855 563 1917 mihi
575 1856 731 1918 mandavit
742 1861 790 1918 vir
801 1856 1021 1915 illustrissimus
1035 1858 1119 1917 ouius
1134 1878 1151 1914 e
1164 1878 1218 1916 oo-

113 1958 182 2018 diee
206 1962 351 2042 cuiusque
368 1960 573 2020 munilioentia
591 1964 719 2021 nuncin
731 1962 832 2021 lucem
845 1956 962 2039 prodit,
983 1977 1079 2038 pauoa
1091 1956 1168 2019 haec
1179 1958 1219 2018 de

112 2063 218 2123 lebore
230 2081 300 2123 meo
311 2062 441 2143 praefari
454 2082 516 2123 non
530 2064 636 2123 inutile
649 2061 792 2123 iudicari.

200 2163 320 2241 (lodex,
341 2182 402 2247 quo
424 2184 484 2225 uno
504 2185 577 2226 usus
597 2185 683 2242 sum,
705 2176 769 2224 tam
785 2163 865 2222 male
882 2159 1006 2221 effeetus
1024 2172 1070 2221 est
1084 2172 1119 2222 nt
1132 2183 1219 2224 oom-

109 2267 254 2350 pluribus
274 2268 349 2329 lonis
368 2270 483 2349 legenti
501 2288 623 2350 prorsus
644 2268 684 2327 sit
702 2263 938 2348 desperandum,
961 2266 1085 2346 eiusque
1105 2275 1140 2324 nt
1158 2266 1219 2325 alia

111 2371 231 2447 multa,
258 2372 301 2430 sio
328 2391 369 2431 ex
395 2392 485 2453 opere
515 2370 553 2432 de
580 2370 804 2451 magistratibus
831 2389 893 2429 non
912 2387 1009 2449 pauoe
1028 2370 1217 2429 interierunt.

112 2490 276 2555 quaerero
291 2493 332 2533 ex
346 2471 405 2533 hoo
418 2477 485 2554 ipso
500 2495 591 2556 opere
605 2495 691 2535 ossus
703 2491 859 2554 superesse
871 2472 984 2563 voluit,
1005 2490 1057 2548 ea,
1079 2475 1218 2555 quamvis
1234 2500 1264 2556 p.
1282 2496 1357 2539 am

111 2577 205 2656 paulo
225 2595 319 2658 quarn
337 2586 451 2636 osterse
471 2578 615 2659 reliquiae
632 2578 789 2637 laetiorem
809 2584 923 2635 sortem
942 2584 1084 2655 experta,
1112 2577 1217 2635 multis

111 2687 216 2737 tamen
229 2679 304 2738 loois
316 2679 442 2739 obseura
454 2689 573 2739 tentum
587 2681 743 2739 literarum
758 2678 903 2757 vestigia,
924 2676 1029 2738 multis
1043 2695 1162 2760 quoque
1177 2698 1217 2738 na

110 2776 189 2838 liaeo
202 2777 327 2861 quidem
340 2778 495 2840 exhibent.

196 2884 295 2956 Quare
308 2884 407 2963 prima
420 2880 498 2941 mihi
514 2902 584 2943 eura
599 2883 657 2942 fuit
672 2893 807 2959 textum,
830 2880 931 2964 quoad
944 2879 1010 2941 fieri
1024 2891 1145 2962 posset,
1165 2884 1216 2942 in·

110 2994 234 3063 tegrmn
247 2983 377 3044 tradere.
420 2983 493 3044 huio
502 2987 704 3066 ingratissimo
718 2988 839 3044 muneri
850 3005 904 3066 pro
917 2985 1031 3044 viribus
1044 2986 1216 3044 setisleoere

110 3089 255 3167 cupiens,
275 3086 492 3168 investigandis
512 3089 668 3149 literarum
689 3089 823 3170 reliquiis
843 3084 1045 3167 eomparaudo
1064 3098 1094 3146 et
1112 3091 1216 3148 oonie-

110 3187 221 3251 nando
239 3190 406 3270 plurimun
426 3194 570 3272 temporis
587 3195 754 3273 insumpsi3
777 3209 838 3272 quo
863 3188 988 3272 quidem
1007 3188 1041 3249 id
1061 3204 1216 3254 essesutns

110 3311 181 3351 sum
202 3302 237 3352 ut
258 3295 380 3353 muniri
399 3296 580 3373 paucissima
592 3297 746 3355 omiserim
761 3304 812 3351 aut
826 3312 934 3351 manoe
948 3293 1139 3374 reliquerim,
1159 3315 1218 3355 ne-

110 3413 172 3475 que
185 3403 298 3472 tamen,
321 3393 404 3476 quod
417 3399 552 3455 maxime
568 3395 734 3457 serendum
747 3395 901 3477 putabam,
922 3404 1035 3455 temere
1049 3396 1217 3480 quidquam

108 3497 144 3554 in
171 3506 291 3557 textum
314 3502 489 3579 receperim.
533 3520 588 3559 nee
609 3502 759 3559 minorem
777 3517 881 3557 suram
893 3507 996 3558 textus
1012 3499 1217 3563 emendationi

109 3596 265 3678 impendi,
286 3601 384 3660 multo
400 3598 578 3676 difficiliori,
600 3610 667 3660 tum
679 3599 762 3683 quod
776 3620 837 3662 uno
853 3610 972 3661 tantum
984 3600 1087 3663 oodioe
1099 3606 1215 3684 utebar,

108 3711 176 3759 tum
196 3699 280 3783 quod
299 3703 441 3762 orationis
458 3699 680 3764 distinctionem
695 3713 748 3763 ant
760 3704 877 3762 nnllam
891 3713 943 3762 aut
959 3723 1133 3784 perversam
1147 3709 1218 3789 ple·

109 3822 239 3886 rumque
260 3805 455 3885 reperiebam.
497 3807 571 3866 vitia
594 3817 696 3867 autem
716 3806 892 3886 multipliois
908 3807 1031 3885 generis
1044 3812 1158 3888 passim
1171 3822 1217 3874 tot
1229 3835 1257 3889 p.
1270 3832 1355 3875 mxi

108 3907 321 3985 occurrebant,
342 3917 392 3984 nt,
414 3909 510 3968 sioubi
523 3911 587 3969 sive
600 3907 746 3969 mendam
757 3928 820 3968 non
836 3905 1063 3988 deprehendero
1076 3915 1140 3977 ,ἱνα
1152 3918 1216 3976 mi.

106 4028 167 4069 nus
189 4021 271 4070 reete
295 4009 513 4088 emendavero,
534 4013 586 4072 vel
599 4010 722 4093 propter
738 4009 982 4091 oorrigendornm
994 4011 1150 4081 ingentem
1163 4023 1217 4063 00-

106 4113 192 4191 piam
207 4113 246 4171 ab
261 4115 366 4195 aequis
378 4114 541 4175 lectoribus
554 4118 676 4175 veniam
687 4133 808 4195 sperare
821 4116 930 4173 ausim.
973 4122 1064 4191 atque
1076 4103 1135 4164 hoc
1148 4107 1216 4167 loco

105 4233 229 4296 nequeo
242 4218 317 4297 quin
330 4217 408 4277 (lan
422 4220 538 4278 seren.
552 4220 655 4278 linem
665 4228 701 4283 et
712 4217 880 4277 Gereonio
893 4217 1076 4275 Genusum
1086 4214 1215 4271 Zanrso

105 4314 392 4398 Thessalonicam,
416 4317 597 4382 doctissimis
609 4321 699 4402 viris,
720 4320 841 4400 publice
853 4320 964 4401 gratias
977 4334 1084 4398 agam:
1106 4314 1216 4396 quippe
