2742 4642
165 325 188 372 x
454 305 565 374 nisu
588 306 647 374 DE
670 305 828 379 losnns
853 307 972 376 LYDO

129 504 151 570 l
255 506 393 568 Profecto
412 495 540 569 enimin
553 505 644 568 huius
662 509 807 589 principis
819 520 949 571 aetatem
960 507 1187 573 accommodare
1200 512 1261 573 ali·

166 610 234 692 quis
247 612 341 692 possit
352 608 430 669 illud
443 616 549 691 poitee
563 610 671 671 inediti
684 622 715 672 et
726 610 890 675 admodum
904 615 1068 695 elegantis:

329 711 372 787 ὥς
386 707 420 774 dl
433 713 664 777 coessendo
677 715 714 779 iv
728 716 852 797 clipeos
864 721 958 797 νῆσος
972 713 1088 798 ἀνίσχει
1125 714 1127 721 ’

328 813 469 896 δαιδαλέη
481 810 638 896 mazicum
650 816 703 881 soi
717 812 895 900 ἆμπελόεντι
908 815 1054 906 κορύμβφ

327 915 381 981 sci
393 922 514 1003 θαλερῷ
525 922 648 999 irsoum
659 920 712 984 sal
726 916 929 1006 scidisdposcsv
943 922 1090 1006 ipimusc,

329 1016 388 1100 τήν
399 1017 433 1084 dl
443 1017 676 1103 copouiaiorrrc
690 1022 897 1105 ἒπολβίζουσιν
908 1023 1006 1091 ὁδῖται

328 1118 420 1204 ἄλγεα
431 1124 641 1205 βουκολέοντες
653 1120 830 1208 ἇλικμήτοιο
842 1129 999 1211 μρ1μνης.

72 1242 101 1294 P·
119 1239 150 1278 ιι
167 1223 252 1282 cuius
272 1224 413 1305 imaginis
436 1246 525 1307 saepe
541 1226 619 1288 mihi
636 1229 718 1288 venit
735 1230 768 1287 in
788 1240 922 1290 mentem
944 1239 1007 1288 tem
1020 1227 1053 1286 in
1067 1222 1127 1286 hoo
1140 1234 1263 1304 tempas

165 1328 311 1403 intuenti,
332 1325 414 1408 qnod
433 1338 576 1411 tanquam
595 1331 695 1391 insula
715 1332 866 1392 fortunate
880 1334 913 1391 in
925 1333 1003 1390 meri
1013 1331 1123 1390 infesto
1140 1330 1263 1403 eniteat,

167 1448 260 1510 quam
277 1431 311 1488 iu
329 1428 470 1492 historiae
482 1435 665 1514 Byzantinae
678 1432 844 1510 studiosos,
865 1455 907 1495 ex
921 1436 988 1494 lnce
1001 1433 1177 1493 Iustinianei
1191 1449 1262 1489 see·

168 1533 230 1591 culi
256 1533 290 1590 in
316 1536 486 1595 Heracliani
512 1538 672 1616 caliginem
697 1537 794 1597 subito
815 1534 994 1616 incidentes.
1035 1538 1149 1595 etenim
1168 1543 1203 1592 ut
1221 1534 1263 1592 sit

166 1637 305 1717 quamvis
325 1637 530 1716 vituperabilis
552 1640 709 1698 iustiniani
731 1649 813 1699 aetas
828 1640 897 1700 aliis
913 1641 1018 1716 rebus,
1039 1638 1142 1700 oculos
1159 1647 1263 1696 tamen

166 1739 339 1817 perstringit
360 1740 475 1801 obiecto
493 1740 651 1820 splendore
666 1741 799 1825 quodum
812 1763 874 1803 non
888 1741 980 1803 modo
993 1743 1038 1802 rei
1049 1742 1189 1801 militaris
1205 1736 1263 1801 sed

167 1841 261 1899 etiam
284 1842 455 1901 literarum:
484 1840 590 1903 habuit
613 1851 718 1925 potitae
746 1847 933 1923 tolerabiles,
966 1841 1163 1925 philosophos
1197 1861 1263 1901 non

166 1945 290 2001 omnino
311 1940 488 2022 delirantes,
510 1965 611 2005 remm
631 1950 790 2028 scriptores
804 1950 897 2009 etiam
909 1948 1090 2008 luculentos.
1132 1963 1264 2026 quorum

164 2046 302 2105 omnium
319 2047 353 2104 in
372 2066 498 2108 numero
517 2045 638 2127 Lydum
659 2048 785 2110 fortasse
802 2053 908 2131 reponi
928 2059 1060 2131 oportet,
1089 2065 1263 2130 quanquam

165 2165 245 2227 qaae
266 2149 396 2206 carmine
418 2150 569 2229 scripserit
589 2168 652 2210 uon
676 2163 837 2231 superent:
859 2155 1012 2235 scripsisse
1027 2163 1130 2213 temen
1146 2157 1264 2209 constat

165 2269 207 2307 οἱ
227 2247 325 2309 edicto
344 2251 548 2329 imperatoris,
576 2250 750 2331 1¹·2224,
779 2253 923 2314 laudante
945 2256 1123 2313 suavitatem
1140 2253 1206 2312 eins
1227 2253 1263 2311 iu

164 2354 301 2432 poiticis.
342 2370 448 2409 verum
464 2368 542 2431 qnae
555 2351 684 2410 feliciter
700 2352 915 2413 interciderunt
930 2364 982 2413 aut
994 2356 1105 2430 latent,
1127 2373 1164 2412 ea
1179 2354 1264 2413 sine·

164 2473 234 2513 mus
248 2453 411 2535 quiescere.
441 2448 666 2531 philosophiam
677 2452 782 2535 Lydus
794 2466 874 2516 certe
885 2456 1001 2535 attigit:
1019 2454 1082 2514 vid.
1095 2474 1127 2534 p·
1141 2459 1206 2519 219
1230 2452 1265 2517 4.

166 2575 206 2615 an
220 2558 338 2637 scriptis
353 2553 440 2616 editis
452 2556 618 2633 illustrarit,
638 2558 751 2638 ambigi
763 2567 873 2638 potest
909 2578 981 2618 nam
994 2556 1076 2640 qnod
1085 2557 1133 2616 illi
1147 2554 1265 2615 adscri-

165 2658 246 2718 bitur
261 2661 489 2718 commeotan‘asa
503 2660 538 2718 in
559 2658 796 2738 theophrastum
811 2662 850 2721 de
862 2681 954 2721 sensu
971 2672 1000 2721 et
1010 2660 1180 2739 plantanti
1198 2659 1265 2717 sive

165 2764 265 2841 potius
284 2764 319 2821 in
342 2763 444 2822 locum
465 2780 506 2821 ex
525 2762 604 2821 libro
623 2763 728 2844 quinto
753 2760 952 2843 Physicoram
978 2760 1182 2842 Theophrasti
1209 2760 1265 2841 (v.

166 2864 285 2923 Harles.
306 2864 385 2924 Bibl.
407 2865 512 2924 Graec.
533 2865 595 2925 vol.
618 2869 638 2930 3
661 2883 695 2945 p.
715 2863 778 2930 444
804 2875 835 2924 et
860 2866 995 2945 Gatslog.
1017 2862 1162 2926 Biblioth.
1184 2865 1264 2942 stag.

165 2968 262 3026 Paris.
278 2967 358 3030 1739
371 2967 424 3025 fol.
439 2976 517 3046 part.
527 2969 549 3030 2
560 2985 592 3047 p·
603 2963 705 3047 424),
724 2966 760 3027 id
772 2977 874 3048 aperte
886 2969 998 3029 falsum
1008 2979 1064 3029 est.
1106 2985 1264 3028 commou-

167 3071 261 3130 tarius
281 3070 364 3128 anim
382 3069 453 3144 ille,
476 3070 530 3150 qui
549 3079 647 3131 exstat
668 3071 702 3128 in
719 3068 785 3130 cod.
803 3081 904 3131 nostro
925 3074 1021 3151 Regio
1038 3068 1135 3146 1964,
1156 3079 1264 3148 estque

85 3198 113 3251 p.
131 3195 149 3233 ι
167 3175 265 3252 primo
284 3191 372 3231 cuens
387 3190 405 3230 e
418 3174 535 3232 Victore
547 3173 739 3232 Trincavello
752 3175 857 3234 Veuct.
873 3174 953 3239 1536
966 3175 1022 3235 fol.
1034 3193 1096 3233 nna
1106 3191 1176 3231 oum
1187 3172 1265 3230 Ale·

166 3274 276 3336 xandri
295 3272 537 3354 Aphrodisiensis
554 3276 799 3353 *Quaestiouibue
820 3278 926 3337 referri
946 3275 1037 3336 debet
1056 3295 1119 3336 non
1138 3272 1179 3333 ad
1198 3277 1265 3354 Ly-

166 3377 241 3437 dum
253 3387 389 3437 nostrum
401 3375 455 3437 sed
470 3375 510 3435 ad
522 3378 708 3436 Priscienum
724 3377 859 3459 Lydum,
881 3381 935 3462 qni
959 3379 1051 3439 simul
1066 3397 1137 3451 cnm
1147 3374 1264 3436 Isidoro

166 3482 325 3539 Damascio
339 3481 494 3561 Simplicio
505 3481 632 3562 aliisque
646 3483 786 3560 antiquae
799 3484 953 3562 religionis
964 3479 1152 3562 philosophis
1164 3478 1264 3539 Athe-

166 3586 215 3643 nis
230 3593 260 3642 et
272 3584 399 3663 irnperio
413 3584 572 3643 Iustiniani
583 3585 721 3658 excessit,
737 3595 842 3664 estque
856 3582 979 3643 demum
992 3586 1089 3650 a.538
1104 3581 1264 3644 echome

165 3689 325 3744 Persarum
339 3706 410 3766 rege
425 3688 458 3745 in
474 3687 578 3746 orbern
591 3688 762 3745 Rommum
775 3686 930 3747 reductus:
952 3707 983 3747 v.
1004 3685 1124 3745 Gibbon
1136 3690 1264 3764 Hototy

167 3789 209 3869 os
222 3789 271 3847 the
292 3789 405 3849 decline
424 3788 569 3868 cndfoll
587 3799 643 3848 etc.
668 3787 765 3851 vol-4
781 3790 910 3849 london
926 3791 1017 3865 1788,
1033 3787 1068 3864 4,
1089 3811 1122 3870 p·
1140 3793 1201 3855 118
1214 3806 1265 3869 tq·

167 3892 252 3972 isque
263 3893 432 3955 Priscianus
447 3890 551 3972 Lydus
565 3902 677 3972 quonto
689 3892 807 3953 facilius
819 3913 889 3952 cum
901 3890 987 3972 Lydo
1002 3903 1105 3952 nostro
1119 3889 1264 3952 confundi

168 3997 278 4073 possit,
300 3997 410 4076 quippe
428 3996 548 4076 aequali
569 4014 624 4056 sno
641 4004 672 4053 et
684 3996 839 4074 populari,
859 3993 919 4056 hoc
933 3994 1098 4055 cacumine
1113 4006 1160 4054 est
1173 3993 1211 4051 ab
1224 4013 1263 4053 eo

168 4094 406 4175 distinguendus.
447 4099 536 4158 venio
558 4096 598 4156 ad
618 4094 759 4158 historica
779 4101 888 4181 scripta
905 4097 985 4179 Lydi
1000 4099 1112 4173 nostri,
1134 4111 1264 4175 quornm

169 4195 229 4259 duo
242 4209 312 4257 sunt
324 4220 450 4279 genera,
472 4200 582 4275 altere,
604 4218 681 4281 qnae
696 4221 791 4261 senex
804 4200 915 4277 edidit,
939 4199 1039 4260 udhuo
1053 4219 1095 4259 ex
1107 4207 1193 4278 parte
1205 4214 1264 4255 ex·

169 4302 293 4380 stantia,
314 4303 408 4363 altera
429 4302 468 4364 ab
492 4300 682 4367 adolescente
705 4304 884 4386 composite,
904 4323 982 4387 quae
996 4304 1116 4383 penitus
1131 4319 1266 4361 evanue-
