2742 4642
493 310 839 383 commitatus.
1131 332 1222 387 mus

116 516 284 579 obscuram
300 534 364 576 non
384 534 450 579 esse
469 533 510 575 ex
521 524 679 576 anctorum
693 515 890 593 testimoniis,
915 536 956 576 ex
970 517 1089 592 numia,
1116 536 1157 577 ex
1169 518 1220 577 in-

116 618 350 701 scriptionibus,
391 639 409 677 s
433 618 616 678 membranis
643 621 823 698 pervenistis
842 620 1120 681 innumerabilibus.
1163 641 1220 703 ego

117 731 200 781 certa
214 720 336 783 nrrllum
348 717 412 781 vidi
426 720 575 783 Graecum
589 717 738 797 codicem,
769 740 838 781 cum
854 723 965 797 multos
978 724 1137 789 oausam
1150 745 1221 785 eos·

117 842 181 904 que
197 825 372 883 veterrimos
387 823 576 885 saecralorum
592 825 659 885 bet
672 826 704 898 7,
726 824 800 903 quin
813 824 857 881 ibi
871 822 1056 887 offenderem
1071 825 1220 907 quosdam

117 926 285 985 itacismcs.
328 934 373 985 tot
393 933 495 985 autem
514 934 588 1005 quot
608 924 643 981 in
665 921 768 985 codice
791 925 966 1002 casentino,
998 930 1033 987 in
1050 931 1136 989 nullo
1153 950 1223 993 mc-

117 1028 214 1102 mini,
244 1024 336 1087 huius
347 1037 429 1086 certe
445 1030 561 1089 aeuus.
603 1044 676 1083 narn
691 1024 914 1091 confunduntur
926 1048 989 1089 non
1005 1031 1098 1093 ancdc
1114 1044 1221 1111 setes,

120 1138 225 1209 sstq,
255 1139 379 1208 netes,
406 1131 610 1211 immisto,
632 1137 754 1203 setus,
776 1139 893 1206 oeta,
915 1141 1040 1210 vetos,
1062 1146 1222 1215 quaesunt

119 1228 234 1291 menda
248 1231 402 1310 vulgaria:
424 1229 481 1291 sed
491 1229 646 1295 interdum
656 1230 757 1305 ctiam,
773 1229 857 1312 qnod
870 1235 965 1297 rarius
974 1234 1045 1305 ‚vidi
1058 1239 1092 1296 in
1109 1237 1224 1299 codici·

120 1333 180 1397 bus
196 1342 266 1394 ente
278 1336 638 1417 temporallcmneniana‚
654 1355 676 1397 a
691 1341 781 1414 atque
793 1356 823 1397 os
836 1354 906 1393 cunr
919 1359 931 1399 s
947 1358 975 1401 rs
986 1348 1078 1420 atque
1092 1358 1130 1420 ηε
1148 1343 1223 1417 iano,

122 1434 207 1519 quod
216 1439 461 1519 rcrisabnrunest
474 1440 508 1500 in
525 1435 678 1499 codicibus
692 1437 851 1499 ornuslibet
864 1441 985 1517 seteis,
1007 1460 1026 1505 σ
1041 1452 1071 1502 at
1085 1448 1126 1520 θ,
1147 1444 1224 1505 item

125 1561 164 1603 cv
176 1550 206 1599 et
217 1564 253 1603 co·
817 1608 819 1611 ,

207 1644 347 1705 Alterum
364 1663 461 1725 genna
486 1664 621 1711 errorum
643 1668 706 1711 non
725 1658 790 1708 tam
806 1658 856 1711 ast
879 1651 1181 1728 expe-nnuntiaticne
1194 1660 1225 1713 et
1237 1618 1359 1744 93‘41'm

125 1745 320 1826 incogitantia
337 1767 430 1829 quam
444 1751 614 1813 exinanitis
627 1752 743 1813 scribae
755 1761 878 1826 natmn3
906 1771 984 1832 quae
1003 1765 1115 1835 quanta
1133 1755 1226 1815 fuerit

124 1846 197 1909 inde
218 1859 320 1929 potest
337 1854 494 1930 cognosci,
523 1852 606 1935 quod
624 1857 773 1934 genitivos
793 1855 939 1934 plurimos
958 1873 1028 1915 cum
1049 1860 1225 1919 accusativis

125 1948 273 2031 confudit,
284 1955 468 2015 acctnativcs
477 1948 757 2035 uumnominativis,
768 1956 909 2039 quodque
924 1961 1047 2018 omnino
1056 1961 1090 2018 in
1103 1961 1225 2021 clausu-

124 2053 164 2113 lis
176 2056 469 2138 casibusquevocum
476 2078 598 2138 prorsus
608 2061 695 2119 iacet.
715 2064 881 2120 necminus
892 2063 925 2118 in
940 2060 1225 2141 reduplicationibus

125 2163 338 2241 perfectorum,
349 2164 383 2221 in
394 2160 568 2223 nominibus
580 2163 718 2241 propriis,
732 2164 765 2220 iu
777 2164 931 2225 vocabulis
939 2164 1076 2244 reliquis,
1087 2166 1119 2222 in
1129 2166 1226 2243 apici-

124 2264 197 2340 bus,
207 2266 242 2325 in
254 2266 423 2343 spiritibus3
441 2259 524 2345 quod
533 2282 623 2323 voces
631 2265 733 2325 omisit
740 2265 897 2346 lineasque
904 2269 1036 2345 integras
1046 2265 1120 2339 (rid.
1128 2269 1226 2328 varias

125 2366 274 2427 bationes
285 2371 383 2427 textui
400 2363 472 2426 edit.
484 2363 659 2447 subiectas),
684 2375 719 2428 ut
736 2370 928 2449 perspicuum
938 2370 979 2429 sit
991 2388 1090 2450 neque
1107 2371 1228 2449 regulas

126 2470 340 2549 grammaticae
351 2469 444 2549 probe
455 2474 587 2532 tenuisse
600 2491 681 2547 eum,
702 2490 802 2552 nequa
817 2469 891 2552 quid
902 2483 1039 2531 exararat
1050 2492 1170 2551 semper
1177 2474 1227 2531 in·

105 2610 110 2617 ·
126 2572 294 2632 tellexisse.
336 2574 457 2633 tametsi
463 2572 610 2650 codicem,
623 2573 805 2635 undcsuum
812 2572 944 2650 duxerit,
958 2594 1086 2655 magnae
1095 2586 1231 2636 vetusta·

126 2675 168 2734 tis
182 2677 318 2754 suspicor
331 2675 443 2752 fuisse,
472 2677 586 2739 saeculi
605 2677 733 2743 sonasse
748 2681 768 2743 7
785 2678 939 2758 literisque
958 2676 1028 2737 ideo
1043 2677 1229 2738 maiusculis.

127 2797 202 2836 nam
222 2781 321 2858 primo
343 2774 718 2859 stomachantis
739 2779 862 2839 vocibus
884 2777 1043 2839 adhibetur
1065 2781 1157 2839 etiam
1179 2799 1232 2840 sc·

127 2883 237 2961 quenti
245 2891 437 2941 consonante.
458 2899 521 2943 non
530 2901 582 2941 me
589 2882 733 2961 praeterit
741 2883 871 2941 inveniri
882 2879 917 2940 id
928 2885 960 2941 in
970 2865 1122 2943 codicibus
1130 2884 1231 2944 omnis

128 2987 238 3057 aetatis
258 2984 337 3055 bene
356 2983 473 3043 multis.
516 2980 695 3062 calligraphi
715 2995 818 3044 umen
837 2985 962 3044 saeculi>
977 2982 1087 3043 decimi
1111 2987 1144 3043 in
1171 2982 1231 3044 bac

129 3084 257 3166 quidem
275 3106 308 3145 re
329 3070 539 3165 grammatices
557 3084 722 3149 hodiernae
742 3088 827 3166 leges
846 3088 909 3147 iam
921 3084 1083 3148 studiosius
1096 3098 1167 3147 sunt
1179 3107 1231 3148 se-

129 3189 211 3247 cuti:
239 3197 341 3248 noster
361 3192 517 3271 antiquam
537 3210 658 3269 prorsus
673 3192 771 3250 tenuit
785 3187 937 3249 scribendi
951 3192 1050 3266 mam,
1077 3208 1138 3271 qua
1153 3189 1233 3251 illaad

130 3315 149 3355 ν
167 3292 270 3353 verbis
292 3293 385 3353 etiam
400 3311 463 3351 non
483 3290 637 3352 hiantibus
657 3295 857 3373 interponitur
875 3312 915 3352 ax
930 3294 1018 3352 certis
1036 3294 1233 3375 oratoriisqne

127 3397 299 3474 praeceptis
321 3392 361 3454 ad
383 3393 629 3474 amplificandum
648 3393 922 3477 complendumque
943 3395 1024 3455 vocis
1039 3414 1157 3455 sonum.
1200 3393 1235 3453 id

129 3498 238 3576 opinor
261 3517 331 3556 eum
351 3516 414 3557 non
433 3508 545 3558 temere
567 3497 623 3561 scd
645 3497 685 3560 ad
707 3499 885 3578 exemplum
908 3500 955 3558 sui
980 3497 1091 3558 codicis
1112 3494 1359 3576 iecisse.p.1.xxr

130 3596 243 3658 deinde
259 3601 505 3678 comitatinos,
532 3603 560 3662 si
575 3621 653 3683 qnae
668 3610 842 3677 occurrunt,
863 3602 959 3661 literis
971 3602 1147 3661 maiusculis
1159 3604 1236 3660 scri·

130 3702 203 3780 psit.
246 3701 329 3761 unde
347 3706 476 3763 coniicic
489 3706 524 3763 in
540 3706 707 3787 antiquiore
720 3706 774 3764 iilo
789 3704 903 3763 Graeca
924 3722 1044 3785 quoque
1058 3704 1152 3765 fusse
1167 3724 1236 3763 ma·

129 3803 267 3863 iusculis.
331 3804 387 3865 sad
410 3826 465 3886 pro
490 3809 611 3867 Graecis
634 3809 808 3866 maiusculis
832 3804 1035 3886 calligraphus
1059 3809 1236 3887 scripturam

130 3905 259 3984 ligatam
271 3909 318 3966 sui
332 3910 446 3969 saeculi
458 3910 629 3971 substituit:
650 3930 707 3990 pro
723 3912 840 3970 Latinis
854 3911 1010 3984 sonitem,
1027 3907 1110 3988 quod
1118 3914 1238 3971 nescie-

130 4008 183 4068 bat
196 4011 378 4091 scripturmn
389 4012 516 4092 ligatam
529 4015 689 4090 Latinam
720 4032 813 4094 quare
826 4014 929 4072 literas
943 4014 1078 4088 Latinas,
1100 4031 1160 4093 que
1173 4014 1238 4073 fcr-

132 4116 335 4171 maerentia
350 4117 475 4195 antiqno
491 4113 609 4191 codice,
642 4113 750 4174 eadem
766 4117 915 4194 expressit
930 4119 1041 4176 insuo.
1085 4126 1236 4195 postremo

132 4215 232 4272 multa
246 4225 317 4274 sunt
330 4217 395 4275 eius
407 4215 518 4275 menda
526 4261 535 4293 ,
557 4236 635 4299 quae
647 4217 767 4277 facilius
782 4214 996 4292 admittuntur,
1019 4220 1046 4279 si
1059 4216 1154 4277 habes
1167 4227 1237 4279 anta

132 4318 239 4380 cculcs
260 4317 396 4381 codicem
415 4319 600 4381 maiusculae
620 4321 785 4400 scripturae
805 4312 898 4402 quam
919 4321 1080 4400 alligatae.
1123 4322 1178 4383 fol.
1195 4323 1236 4384 31
