2742 4642
452 287 511 360 DE
533 291 742 361 MENSIBUS
766 291 825 361 lv.
1140 293 1190 363 st

93 465 162 548 napi
178 467 330 547 σταθμῶν
339 461 445 546 χιλίων
457 462 575 545 δβολῶν
590 464 667 549 λίηιιι
681 462 777 528 πάλαι
790 463 933 549 γενέσθαι
945 464 980 529 sd
993 463 1189 552 μιλιαρίσιον,

94 569 146 630 καὶ
166 566 227 630 ἀπὸ
242 574 298 650 τῆς
309 563 448 648 χιλιάδος
461 574 522 632 τῶν
537 567 655 649 ὀβολῶν
671 566 768 644 οὕτως
781 567 1001 649 ὀνομασθῆναι.
1085 567 1086 572 '

204 667 261 738 10.
316 669 393 735 Μετ’
417 669 511 753 αὐτὴν
531 671 609 754 βοτδ
630 668 782 753 ποόβλικα
802 667 910 736 ὡσανεὶ
931 666 1075 754 δημόσιαι
1096 666 1191 753 εάχαί.

94 776 146 838 κιά
168 773 268 849 ἀδεῶς
285 774 320 836 τὸ
343 778 464 855 πλῆθος
483 775 675 839 ἀπίσκωνιτεν
695 778 738 850 είς
757 774 829 850 τοὺς
847 773 995 859 ἄρχοντας
1010 774 1046 838 οὗ
1059 771 1191 859 ῥήμασιν

64 876 176 945 scillei
191 878 241 939 καὶ
256 873 407 958 σχήμασιν
421 876 469 941 ἐπὶ
482 877 518 942 cd
533 880 691 962 γελοιῶδες
703 876 814 960 ἔχουσι.
836 867 976 943 τοῦτοδὲ
988 876 1135 963 ἔπραττον
1150 880 1193 954 είς

92 980 188 1061 τιμὴν
200 980 384 1074 ἐλευθερίας,
406 981 458 1043 καὶ
471 980 500 1044 oi
513 979 653 1066 ἀρχοντες
664 982 835 1045 ἐνεδίδοσαν
849 977 955 1045 ῶσανιὶ
969 978 1053 1066 νόμῳ
1067 986 1105 1064 τῇ
1119 1005 1192 1044 συν-

93 1086 190 1170 ηδείρ
208 1087 466 1168 παραχωροῖντες.
495 1085 545 1147 καὶ
566 1084 710 1170 ἀνέφερον
732 1084 787 1165 τὴν
802 1084 1017 1149 οἶωνοσκοπιάν
1034 1082 1063 1146 oi
1079 1081 1189 1148 inuret
1206 1113 1234 1167 p.
1253 1095 1289 1153 63

92 1197 162 1262 τοῖς
175 1183 407 1271 αὐτοκράτορσι,
433 1187 471 1251 δι’
488 1177 525 1270 ἦς
539 1185 713 1272 δμινῶσκετο
729 1186 866 1263 ποταπδς
881 1185 943 1272 ἀρα
963 1186 1048 1251 ἕσται
1063 1183 1079 1250 ὃ
1093 1186 1193 1250 ἐνιαυ-

94 1288 159 1365 τός.
187 1292 213 1352 εἰ
234 1288 367 1374 μὲνγὰρ
391 1290 502 1373 συνέβη
524 1286 622 1380 ἡμέρη
639 1286 726 1372 η’λίοο
744 1292 927 1374 συνδραμεῖν
941 1290 997 1373 τὴν
1012 1286 1119 1373 ἑορτὴν
1131 1294 1192 1353 τῶν

52 1404 90 1455 10
98 1394 275 1470 καλανδῶν,
300 1391 450 1474 πολέμους
471 1394 521 1456 καὶ
542 1391 697 1478 ἀρχόντων
711 1394 890 1480 διαφθορὰς
908 1396 958 1458 καὶ
975 1400 1036 1457 τῶν
1051 1389 1192 1474 ἀπηκόων

99 1496 137 1559 δι’
155 1495 266 1571 αὐτοὺς
283 1496 433 1576 διχονοίας
451 1495 600 1578 ἀνέμενον,
622 1496 695 1572 τοὺς
712 1497 746 1562 δι’
761 1497 872 1582 ξηροὺς
884 1497 1019 1582 καρποὺς
1033 1493 1192 1582 ἀφθόνους

98 1600 149 1662 καὶ
165 1596 273 1684 ηήμας
286 1596 495 1684 παραδόξους·
521 1603 547 1663 εἰ
561 1599 595 1664 δὲ
611 1596 746 1684 σελήνης,
768 1606 894 1665 τοιαῦτα
911 1601 966 1681 μὲν
979 1599 1088 1676 οάκίτι,
1105 1603 1192 1685 pdo-

99 1703 157 1786 ράν
173 1702 208 1765 δὲ
222 1706 349 1788 βρεφῶν
364 1703 416 1765 καὶ
437 1700 545 1766 σπάνιν
558 1709 619 1768 τῶν
634 1704 808 1786 ἀπιτηδείων
825 1702 879 1790 ἴαρ
895 1728 928 1768 τε
943 1701 1074 1788 ψυχρόν,
1099 1702 1136 1767 τὰ
1156 1701 1189 1765 δ’

98 1802 258 1890 ἀκρόδρυα
280 1806 420 1887 δαψιλῶς
435 1804 608 1874 ἐπιδώσειν·
635 1809 661 1870 εί
675 1807 706 1870 δ’
718 1805 832 1892 Ἄρεος,
858 1807 1055 1892 ἐμπρησμοὺς
1071 1805 1127 1887 μέν
1140 1806 1191 1868 καὶ

56 1920 90 1972 to
98 1906 224 1984 νόσους,
252 1906 334 1972 οἴνου
357 1908 391 1971 dd
409 1910 460 1972 καὶ
483 1910 654 1974 dialectici
676 1910 808 1996 ὀσπρίων
830 1909 993 1996 ἀφθονίαν,
1015 1907 1190 1972 naintriaco

96 2009 265 2097 ἓμηόλιον·
291 2010 364 2075 ὅταν
383 2012 416 2076 δὲ
435 2007 566 2098 Ἑρμοῦ,
598 2012 725 2099 φθορὰν
745 2013 801 2094 μὲν
822 2014 934 2095 νηπίων
957 2012 1008 2076 καὶ
1031 2007 1139 2086 νόσους
1156 2012 1190 2075 ἔκ

96 2111 215 2200 ῥάσειος
233 2111 365 2198 γαστρός
371 2160 382 2191 ,
408 2118 458 2179 καὶ
479 2125 546 2191 ταῖς
568 2115 676 2197 μέσαις
688 2116 719 2178 ἓν
733 2112 835 2202 ἡλικίη
847 2116 962 2197 γυναιξὶ
979 2111 1114 2200 φθοράν,
1139 2113 1191 2177 καί

97 2216 189 2299 λιμὸν
212 2218 390 2282 ἀπεοκταῖον
410 2216 558 2282 καθόλου.
587 2219 618 2281 δν
636 2217 696 2304 γὰρ
719 2223 757 2302 τῇ
777 2217 855 2293 Διὸς
875 2212 973 2306 ἧμίρη
988 2213 1192 2297 ίμπιπτοόσης

94 2327 154 2402 τῆς
174 2326 235 2383 τῶν
257 2323 414 2384 καλανδῶν
437 2317 544 2407 ἑορτῆς
567 2318 666 2385 πάντα
686 2320 742 2403 μὲν
758 2320 863 2405 ἀγαθὰ
877 2321 993 2384 ἓδίδοτο
1008 2321 1191 2404 προσδοκῶν,

54 2420 232 2506 Ξοχιονιόδη
253 2423 287 2487 δὲ
305 2425 355 2487 καὶ
374 2420 491 2507 ἀετῶδη
514 2424 566 2489 τὸν
582 2422 706 2509 καιρόν,
727 2419 769 2500 ὡς
780 2424 858 2507 μηδὲ
873 2424 944 2499 τοδς
958 2422 1115 2504 ποταμοὺς
1127 2430 1194 2499 ταῖς

99 2528 223 2602 οἰκείαις
241 2525 430 2612 ἀρκεσθῇναι
450 2529 571 2603 κοίταις.
597 2528 645 2590 tut
667 2511 702 2591 δὲ
722 2532 777 2609 τῆς
798 2529 901 2609 ἕκτης,
933 2525 999 2608 ἣτις
1013 2525 1195 2612 Ἀφροδίτης
1219 2577 1221 2587 .

100 2625 176 2693 εἶναι
189 2631 355 2711 νομίζεται,
381 2640 445 2706 τοῖς
465 2630 520 2712 μὲν
540 2628 668 2715 ἀρχουσι
681 2628 832 2716 θόρυβον,
858 2638 921 2705 τοῖς
937 2630 970 2694 δι’
986 2639 1113 2715 καρποῖς
1130 2631 1194 2692 tnt-

100 2735 204 2810 δοσιν,
237 2733 287 2796 καὶ
309 2743 373 2810 τοῖς
391 2743 501 2809 κοινοῖς
523 2733 673 2816 πολέμους
692 2739 798 2820 βαρεῖς
820 2731 947 2821 ιρθορόν
970 2756 1002 2798 τε
1021 2731 1195 2819 ἀνθρώπων

169 2874 187 2928 8
205 2870 294 2943 ἔσται]
312 2875 355 2946 εἴη
368 2876 400 2930 Ρ.
505 2877 538 2933 17
554 2874 680 2944 γαστρῶν
693 2872 726 2929 Ρ.

99 2994 262 3115 ponderibus
278 2993 348 3047 mille
361 2991 445 3048 obolls
460 2993 521 3047 olim
536 2994 686 3049 constitisse
704 2994 769 3048 dicit
786 2991 947 3047 miliarisium
962 2997 991 3046 et
1007 3010 1024 3046 a
1042 2990 1112 3045 mille
1129 2994 1194 3046 obo-

109 3080 183 3116 orum
202 3079 308 3115 numero
325 3064 365 3116 ita
382 3063 539 3126 nominatum
555 3064 648 3118 fuisse.

172 3133 215 3184 10.
250 3130 317 3185 Post
333 3149 391 3185 anm
407 3133 475 3186 diem
493 3142 558 3187 vota
572 3132 685 3203 publica.
718 3138 746 3185 et
759 3131 865 3200 impune
880 3130 955 3200 plebe
970 3129 1098 3184 illudebat
1110 3129 1193 3198 magi-

100 3201 230 3254 stratibus
248 3217 299 3254 nen
317 3200 403 3268 dictis,
422 3203 606 3256 verumetiam
625 3199 744 3271 gestibus
762 3201 795 3254 ad
808 3200 889 3254 risum
903 3201 1057 3253 movendum
1070 3209 1193 3268 spectan-

99 3270 184 3324 tibus.
213 3270 263 3322 hoc
276 3277 362 3323 autem
377 3270 511 3326 faciebant
522 3270 550 3324 in
569 3271 692 3323 honorem
706 3269 845 3336 libertatis,
865 3278 892 3322 et
905 3269 1071 3337 magistratus
1086 3269 1194 3338 permit-

100 3340 211 3404 tebant,
231 3341 369 3406 cedentes,
382 3349 505 3409 tanquam
517 3339 580 3407 legi,
598 3338 789 3393 consuetudini.
817 3347 845 3392 et
862 3339 1015 3391 referebant
1030 3340 1064 3392 da
1077 3337 1194 3406 auguriis

102 3407 222 3460 consules
236 3409 270 3461 ad
287 3407 468 3477 imperatores,
482 3426 516 3462 ex
531 3409 625 3478 quibus
639 3410 846 3478 cognoscebatur
859 3407 942 3477 qualis
955 3408 1013 3460 fere
1026 3425 1108 3460 annus
1123 3414 1194 3461 esset

101 3478 217 3530 intumis.
242 3477 266 3529 si
278 3477 347 3530 enim
360 3477 508 3546 contigerat
519 3489 549 3531 ut
560 3478 588 3531 in
599 3478 668 3531 diem
680 3477 743 3530 solis
756 3476 903 3530 inciderent
914 3475 1087 3530 Kalendarum
1100 3477 1194 3542 feriae,

101 3543 172 3599 bella
181 3553 209 3597 et
220 3544 417 3615 magistratuum
428 3547 521 3600 caedes
531 3554 559 3601 et
570 3547 664 3599 civium
675 3555 784 3628 propter
797 3563 842 3598 eos
854 3546 987 3600 dissensus
997 3547 1194 3614 exspectabant,

100 3614 190 3682 largos
209 3624 303 3667 antemi
315 3616 417 3669 fructus
435 3615 523 3670 aridos
541 3624 570 3669 et
590 3633 707 3670 rumores
725 3623 890 3685 insperatos3
916 3616 940 3667 si
968 3615 995 3670 in
1014 3614 1106 3681 lunae,
1130 3611 1195 3665 talia

102 3684 208 3752 quidem
224 3701 276 3737 non
294 3684 420 3754 amplius,
445 3686 492 3738 sed
510 3686 644 3738 interitum
660 3684 799 3738 infantium
816 3693 845 3737 et
861 3684 975 3753 inopiam
993 3685 1079 3735 victus
1097 3698 1197 3749 aerque

101 3751 243 3820 trigidum,
266 3754 397 3806 fructuum
415 3763 501 3807 autem
517 3763 691 3807 testaceorum
707 3752 805 3820 largum
824 3761 994 3823 proventum3
1010 3751 1035 3804 ei
1051 3752 1078 3804 in
1092 3749 1198 3817 Martis,

101 3822 226 3875 incendia
242 3831 269 3875 et
287 3824 401 3890 morbos,
417 3823 474 3876 vini
487 3833 572 3877 autem
586 3832 615 3876 at
631 3821 683 3877 olei
701 3832 780 3891 atque
797 3821 952 3889 leguminum
971 3821 1072 3890 copiam
1085 3827 1113 3871 et
1125 3818 1198 3871 sedi-

100 3889 202 3943 tionem
215 3890 384 3957 intestinam
402 3892 427 3945 si
440 3910 504 3945 varo
518 3892 546 3946 in
561 3891 696 3957 Mercurii,
709 3891 843 3946 interitum
856 3889 993 3946 infantium
1007 3895 1035 3940 et
1047 3889 1151 3942 morbos
1166 3904 1200 3940 ex

103 3959 206 4012 ventris
223 3961 310 4027 fluxu,
330 3968 358 4013 et
373 3961 475 4014 mediae
496 3961 590 4014 aetads
608 3960 760 4014 mulieribus
780 3968 889 4013 mortem
905 3967 933 4011 et
951 3958 1044 4011 tamem
1059 3973 1199 4014 exsecran-

102 4029 165 4081 dam
182 4027 316 4082 universa.
350 4030 379 4083 in
393 4031 465 4084 Iovis
480 4030 547 4084 enim
563 4030 631 4084 diem
647 4029 823 4085 incidentibus
836 4027 1011 4081 Kalendarum
1025 4025 1100 4080 feriis
1114 4026 1201 4079 omnia

93 4097 194 4150 sauata
218 4107 373 4179 exspectare
391 4099 506 4166 licebat,
534 4099 652 4154 nivosam
671 4107 758 4151 autem
776 4105 804 4150 et
819 4096 933 4164 pluviam
952 4104 1152 4175 tempestatem,
1172 4102 1203 4150 ut

103 4182 192 4234 neque
204 4167 280 4219 fluvii
297 4167 352 4220 suis
368 4177 522 4222 arcerentur
540 4168 638 4230 alveis3
657 4177 733 4221 sexto
747 4175 843 4232 autem
861 4164 906 4233 qui
920 4164 1033 4217 Venena
1051 4181 1110 4216 esee
1123 4171 1201 4233 puta-

102 4243 157 4302 tas,
176 4235 374 4305 magistratibus
392 4236 542 4308 tumultum,
559 4237 690 4290 fructibus
707 4244 793 4288 nutem
809 4234 994 4285 incrementum
1013 4241 1040 4284 et
1057 4233 1097 4285 rei
1115 4232 1202 4302 publi-

104 4321 152 4359 cae
167 4305 238 4360 bella
254 4306 349 4377 gravia
365 4306 553 4378 interitumque
569 4304 715 4374 bominum,
729 4312 758 4359 et
771 4302 914 4375 praecipue
929 4300 1089 4373 iuventutis,
1106 4320 1202 4359 exene-
