2742 4642
227 366 289 417 nv
569 339 683 411 Histl
702 339 762 408 DE
780 336 990 410 OSTENTiS

229 568 341 633 genere
356 547 512 607 literarum
528 543 711 604 Graecarum
728 552 795 601 tum
812 558 883 601 rero
896 541 930 599 in
942 533 1177 620 palaeograpbia
1196 534 1346 619 apprime

230 667 380 744 eruditus,
408 664 535 724 d'Ansse
558 660 597 722 de
617 662 782 739 Villcison,
814 680 884 720 cum
901 660 1045 721 scriberet
1062 658 1284 738 Prolegomena
1299 654 1345 716 ad

232 786 321 853 iliad.
335 809 367 867 p.
379 802 456 844 xcrr
469 781 603 844 codicem
617 782 808 842 caseolinum
824 781 894 841 rico
913 782 957 839 ita
976 788 1148 858 corruptum
1167 797 1233 837 esse
1246 789 1284 837 ut
1299 777 1346 835 li-

234 919 366 970 terarum
386 903 493 964 ductus
508 904 563 963 rix
576 903 698 982 agnosci
713 903 851 983 quirent,
873 916 1003 980 eumque
1014 899 1048 956 iu
1062 896 1138 956 celle
1150 899 1267 957 vinaria
1282 915 1347 976 po·

233 1028 295 1087 tius
312 1043 404 1107 quam
420 1024 454 1081 in
468 1019 650 1081 bibliotheca
661 1031 847 1082 asservatum
859 1037 925 1080 esse
938 1014 1045 1077 rideri.
1089 1026 1119 1075 et
1130 1019 1195 1096 ipse
1209 1015 1346 1075 arbitra-

234 1145 290 1204 bar
308 1145 397 1218 olim,
418 1143 539 1201 intuens
564 1143 676 1221 primas
694 1140 845 1220 pagellas,
867 1156 971 1197 earum
983 1137 1074 1198 rerba
1088 1138 1188 1196 omnis
1208 1138 1241 1193 in
1257 1138 1346 1194 iute-

236 1281 325 1344 gmm
338 1263 493 1321 restituere
507 1260 572 1340 opis
587 1278 648 1318 non
661 1278 728 1319 esse
738 1267 869 1318 nostrae.
911 1256 967 1318 sed
988 1256 1002 1338 (
1006 1266 1040 1316 ut
1053 1256 1106 1337 iit)
1126 1257 1193 1335 ipsa
1206 1252 1345 1313 difficul-

235 1391 283 1443 tas
295 1378 474 1440 incendebat
486 1375 525 1437 ad
538 1375 728 1437 tentandum.
769 1379 814 1436 ita
825 1377 908 1435 foliis
930 1377 944 1458 (
951 1386 985 1436 ut
996 1396 1021 1435 c.
1035 1379 1054 1441 3
1070 1373 1185 1434 diuum
1198 1371 1262 1451 est)
1285 1392 1344 1433 suo

238 1498 344 1562 ordine
375 1499 545 1574 collocatis,
574 1499 672 1576 primo
698 1517 776 1579 quae
802 1498 866 1577 legi
890 1505 1027 1576 poterant
1052 1492 1196 1573 descripsi
1222 1503 1344 1552 mnus.

240 1616 350 1681 deinde
372 1638 413 1677 ex
435 1614 484 1677 bis
505 1616 763 1697 qualibuscunque
789 1616 924 1697 reliquiis
939 1616 1120 1673 sententiam
1134 1613 1269 1694 aliquam
1284 1632 1345 1672 ex-

238 1739 364 1819 piscarI,
384 1738 540 1795 restituere
560 1736 669 1810 rerba,
690 1735 814 1793 hennae
830 1735 968 1813 ingentes
981 1734 1105 1815 explere
1123 1743 1247 1793 conatus
1262 1752 1343 1809 snm,

239 1858 330 1935 spatii
349 1857 541 1914 exactissima
559 1856 675 1915 ratione
694 1851 808 1910 habite.
852 1870 914 1934 qua
931 1852 1039 1913 eadem
1056 1856 1172 1912 ratione
1194 1852 1344 1933 (opinor)

239 1977 274 2034 in
292 1973 429 2055 legendis
448 1984 714 2033 monumentorum
730 1980 868 2030 veterum
881 1972 1141 2051 inscriptionibus,
1163 1974 1298 2053 itemque
1311 1974 1343 2030 in

239 2091 432 2155 restituendis
444 2094 529 2154 libris
541 2089 829 2166 Herculanensibus,
851 2100 897 2150 est
908 2088 1064 2149 utendum.
1106 2093 1227 2151 umetsi
1248 2088 1344 2172 (haec

240 2221 344 2272 contre
356 2231 406 2271 me
418 2213 483 2293 ipse
498 2210 583 2273 dico:
605 2214 719 2293 quippe
732 2220 874 2292 quantum
886 2207 1070 2270 difficultatis
1084 2209 1198 2271 accedit
1208 2212 1343 2288 lectioni,

123 2349 153 2404 p·
168 2345 225 2388 vm
243 2341 363 2393 tantum
386 2330 590 2412 probabilitati
610 2331 834 2390 restitutionum
856 2348 994 2390 mearum
1018 2328 1153 2413 adeoque
1177 2323 1344 2391 auctoritati

243 2450 383 2513 editionis
400 2447 585 2529 detrahitur)
606 2451 640 2507 in
656 2450 820 2508 Herculani
833 2450 1037 2509 voluminibus
1052 2451 1208 2531 titulisque
1223 2448 1344 2531 lapide·

242 2573 296 2631 rlis
318 2567 457 2649 legendis
478 2570 595 2645 minus,
613 2569 674 2628 nisi
695 2566 771 2651 quid
787 2587 838 2627 me
852 2569 946 2645 fallit,
969 2588 1111 2648 operosus
1125 2570 1285 2652 inanisque
1297 2572 1343 2629 la-

242 2689 301 2750 bor
314 2699 370 2749 est.
410 2689 460 2747 fac
474 2689 630 2748 evanuisse
644 2689 760 2771 aliquot
773 2689 907 2749 undales
919 2689 1038 2748 literas:
1061 2707 1130 2747 cum
1143 2691 1204 2748 sint
1216 2691 1299 2748 inter
1311 2709 1343 2748 se

244 2809 386 2890 aequales
398 2827 494 2888 paene
508 2827 613 2868 omnes
625 2804 850 2887 magnitudine,
872 2826 914 2867 ex
926 2807 1027 2867 areola
1041 2827 1151 2885 vacua,
1175 2826 1236 2890 qua
1249 2818 1342 2889 patet,

245 2925 285 2986 de
306 2923 502 2987 evanidarum
521 2947 647 2989 numero
668 2929 839 2987 coniectura
855 2946 949 3007 prope
969 2935 1049 2985 certa
1068 2924 1138 2986 duci
1158 2937 1269 3008 potest.
1312 2931 1342 2989 in

243 3056 346 3108 nostro
371 3043 488 3125 codice,
510 3045 551 3108 ad
570 3047 707 3128 regulam
727 3056 758 3107 et
776 3047 891 3107 lineam
910 3046 1048 3128 quemvis
1064 3057 1218 3127 perarate,
1239 3068 1343 3110 versus

245 3164 372 3250 quidem
393 3169 457 3227 sire
477 3168 578 3227 haeae
597 3170 630 3228 in
645 3167 774 3249 pagellis
791 3167 919 3246 singulis
932 3184 1084 3248 nusquam
1100 3169 1257 3247 pauciores
1273 3178 1343 3229 sunt

246 3302 342 3367 quem
358 3287 399 3348 30
414 3294 468 3344 aut
482 3288 585 3368 plures
602 3307 697 3371 quam
713 3291 771 3353 82:
793 3285 847 3347 sed
857 3288 1012 3347 literarum
1029 3306 1172 3349 numerus
1189 3289 1223 3347 ia
1238 3291 1343 3369 singu-

245 3402 285 3463 lis
299 3402 435 3463 versibus
449 3401 549 3464 differt
559 3407 741 3487 plurimum,
762 3426 823 3467 non
838 3408 940 3467 minus
958 3418 1036 3467 certe
1050 3427 1142 3490 quam
1161 3410 1194 3466 in
1210 3405 1278 3467 cod.
1295 3429 1344 3467 re-

141 3550 144 3559 ·
246 3520 358 3600 scripto
370 3520 571 3584 bibliothecae
585 3526 755 3606 capitularis
768 3528 964 3603 Veronensis,
985 3537 1112 3586 testante
1128 3528 1193 3587 viro
1208 3547 1343 3587 summae

246 3637 422 3722 diligentiae
436 3639 670 3727 eruditionisque
684 3647 855 3727 singularis,
870 3644 1020 3707 Friderico
1036 3645 1203 3723 Goeschen,
1216 3648 1343 3728 praeiet.

247 3759 289 3819 ad
302 3760 371 3819 Gaii
382 3762 523 3822 instituit.
535 3785 568 3845 p.
582 3783 671 3825 xxrr.
713 3766 747 3825 in
759 3767 911 3848 plerisque
926 3778 1029 3827 tamen
1046 3770 1180 3829 versibus
1195 3766 1343 3827 habentur

247 3882 352 3945 literae
366 3880 576 3966 quadragenae
590 3895 714 3945 monae
731 3897 783 3947 aut
797 3888 1045 3970 quinquagenae:
1067 3888 1122 3950 sed
1137 3910 1190 3949 eae
1204 3899 1235 3949 et
1249 3888 1344 3949 cursi-

246 4020 304 4063 rae
319 4004 384 4064 iera
398 4012 478 4081 sunt,
501 4013 532 4063 et
544 4023 634 4086 saepe
646 4007 680 4064 in
692 4005 753 4066 fine
767 4022 908 4066 versuum
919 4009 1011 4089 paulo
1021 4013 1194 4089 pressiores,
1216 4019 1247 4069 et
1260 4027 1343 4070 com·

248 4121 360 4204 pandio
376 4120 527 4185 scribendi
540 4144 603 4186 uno
618 4135 649 4185 et
660 4125 755 4187 altero
767 4128 962 4189 intermistae.
1004 4141 1147 4191 exaratur
1159 4128 1268 4191 eadem
1279 4132 1344 4210 ipsa

248 4259 312 4302 vox
327 4260 410 4305 nunc
423 4245 487 4307 suis
503 4244 599 4307 literis
614 4264 696 4307 nunc
711 4247 801 4329 siglo.
842 4248 893 4308 val
907 4249 940 4308 in
956 4251 1065 4310 lacuna
1081 4251 1175 4312 triam
1191 4252 1344 4312 numum
