2742 4642
441 352 788 423 COMMENTARIUS.
891 377 897 385 ·
1081 374 1168 421 xxxv

63 548 165 635 prodit
187 553 244 611 sub
269 553 356 612 titulo
379 552 544 614 eiusmodi:
573 555 698 614 Ioannis
712 556 874 613 Laurentii
891 551 1167 634 Philadelphieneie

64 654 146 734 lydi
168 654 360 733 opuseulum
389 655 428 715 cle
447 655 607 715 Meneibue
637 659 826 740 [quanquam
851 661 951 736 potius
964 658 1167 719 'scribendum

62 758 181 833 fnisset,
205 760 356 837 Excerpta
369 777 410 815 ex
422 760 525 818 loann.
540 763 682 818 Laureut.
696 758 817 823 Philad.
830 759 910 840 Lydi
926 762 1020 839 Opere
1034 759 1070 819 de
1078 764 1167 820 Men-

63 859 164 937 sibus]
184 881 220 918 ex
239 859 326 917 codd,
350 880 411 917 mss
428 858 564 919 biblioth.
581 860 743 919 Borberr‘n.
760 875 789 920 et
805 864 904 922 Valle.
920 874 947 920 et
951 863 1166 942 fragmentum

63 961 97 1020 de
117 962 231 1021 Terrae
243 960 371 1021 motibus
387 982 422 1021 ex
442 964 507 1023 cod.
527 962 600 1021 bibl.
617 962 788 1042 Argolicae
803 966 895 1024 Rom.
926 967 1039 1025 Graece
1059 967 1165 1038 edidit,

61 1066 241 1123 venientem
264 1064 398 1123 lectionis
418 1077 447 1123 et
467 1077 647 1146 argumenta
668 1067 779 1125 adiecit
800 1068 951 1127 Νιοοίαυε
977 1066 1086 1124 Schow
1107 1078 1165 1127 etc.

64 1166 191 1244 Lipsiae
207 1167 241 1224 in
261 1167 389 1227 libraria
405 1169 624 1229 Weidmonnia
647 1167 736 1243 1794,
759 1172 789 1233 8·
832 1168 923 1230 huius
938 1169 1077 1229 editionis
1093 1191 1165 1228 cen-

63 1286 151 1326 ωηο
167 1270 337 1349 complures
352 1282 474 1331 exstant
487 1271 640 1350 Eblanger
651 1271 929 1352 Literaturzeitung
945 1275 983 1335 17
986 1271 1026 1334 94
1040 1292 1071 1350 p.
1086 1272 1167 1337 542-

63 1368 120 1446 47,
151 1372 311 1453 Gittinger
332 1372 1166 1453 GetehrteAnzeigen1794pan.2p.1273-1276‚
1236 1400 1239 1405 ·

63 1473 177 1530 lower
189 1474 465 1557 Ls'teratztruitung
480 1473 561 1540 1794
580 1476 694 1555 parmi
717 1494 747 1554 p·
766 1471 954 1539 515-517.
998 1476 1037 1533 cf.
1051 1475 1166 1556 Alige-

64 1577 177 1633 meines
194 1577 402 1656 Repertor'iam
422 1580 476 1638 der
488 1579 645 1636 Lilsratnr
654 1575 720 1656 fiir
733 1577 783 1635 die
798 1574 892 1634 lehre
912 1581 989 1642 1791
1011 1575 1057 1635 bie
1073 1578 1165 1641 1795.

63 1677 173 1736 Emer
185 1678 288 1739 Βανά.
313 1681 403 1740 Isbsts
417 1680 543 1760 Haste,
568 1679 709 1739 Weimm
725 1680 823 1753 1799,
844 1698 895 1737 uo·
909 1681 982 1742 700.
1026 1678 1080 1738 ced
1093 1677 1167 1738 hnic

64 1775 202 1855 editioni,
215 1785 271 1848 etsi
280 1781 314 1840 id
327 1780 578 1842 secundissimum
587 1780 697 1840 accidit
708 1791 741 1840 ut
754 1801 794 1839 ex
807 1781 982 1841 anctoritate
993 1784 1051 1840 viri
1065 1783 1166 1840 omni·

63 1880 121 1940 bus
150 1881 293 1945 doctrinis
326 1887 509 1945 amatissimi
537 1881 593 1943 ch.
616 1885 695 1940 nan.
715 1881 820 1942 Beckii
846 1886 1034 1963 vulgaretur,
1066 1886 1165 1965 isque,

63 1994 212 2066 quatenns
227 2008 282 2066 per
294 1999 500 2068 procuratores
517 1989 656 2046 librariae
670 1988 798 2061 licebat,
826 2006 896 2045 suas
915 1983 1040 2066 quidem
1063 1997 1164 2064 partes
1181 2013 1210 2067 p.
1224 2011 1297 2052 ivm

62 2089 217 2167 praeclare
234 2101 345 2169 ageret,
367 2101 479 2166 tamen,
502 2091 580 2148 siout
594 2087 789 2163 ostendimus,
813 2092 1045 2149 commentarius
1061 2101 1090 2148 et
1106 2112 1164 2149 nc-

62 2200 130 2267 tus,
165 2194 352 2252 necessariae
375 2194 448 2252 illae
480 2189 603 2272 quidem
634 2201 756 2271 propter
784 2192 931 2248 rationem
954 2194 1164 2270 epitomarum,

61 2296 189 2354 omnino
212 2292 328 2353 (lesum.
371 2314 449 2377 quae
468 2296 549 2352 enim
562 2290 666 2372 Lydus
690 2310 730 2349 ex
750 2301 794 2349 tot
816 2288 942 2349 diversis
961 2293 1165 2352 voluminibus

62 2398 160 2473 eruit,
185 2415 221 2454 ea
243 2414 311 2456 cum
322 2416 339 2455 a
351 2397 480 2456 librariis
491 2404 558 2453 tum
576 2392 824 2452 abreviatoribus
838 2393 942 2451 multis
957 2392 1076 2452 mendis
1088 2391 1164 2451 adeo

61 2509 134 2561 suut
146 2496 286 2577 foedata,
315 2510 481 2560 attextum
496 2517 532 2556 ea
544 2495 736 2571 condicione,
759 2513 820 2575 qua
831 2515 912 2553 nnnc
928 2505 987 2571 est,
1009 2496 1165 2576 perlegere

62 2603 244 2684 singulaque
255 2604 288 2659 in
303 2622 339 2661 eo
352 2600 521 2680 intelligere
534 2619 624 2660 nemo
637 2618 708 2659 sane
723 2598 813 2656 facile
828 2600 933 2676 possit.

146 2706 257 2780 Velut,
285 2716 320 2763 ut
333 2724 393 2764 uno
406 2705 480 2764 folio
496 2714 608 2763 temere
621 2713 738 2782 arrepto
756 2699 976 2759 demonstretur
991 2696 1072 2778 quod
1086 2696 1163 2756 dici·
1183 2700 1225 2762 27

62 2827 148 2882 mus,
181 2804 230 2866 ed.
248 2806 367 2867 Schow.
390 2818 466 2887 pert.
486 2805 618 2869 lmens.
634 2805 753 2864 Octobr.
775 2823 801 2861 c.
819 2807 837 2866 1
860 2821 891 2880 p.
909 2797 970 2862 124
991 2801 1044 2857 lin.
1059 2800 1079 2860 8
1095 2821 1163 2882 sqq.

62 2912 205 2990 leguntur
221 2906 314 2969 haec:
345 2909 379 2974 lv
396 2914 440 2994 τῷ
453 2908 639 2971 Boram
657 2900 740 2990 (οἷον
755 2906 788 2969 ἒν
805 2908 849 2990 τῷ
862 2896 1043 2985 ὄψοπωλίςο)
1064 2901 1106 2974 εἰς
1118 2925 1165 2963 τι·

63 3011 125 3096 pois
142 3013 284 3095 Τιβερίου
307 3011 339 3074 oi
359 3005 577 3093 οεβυστοφόροε
598 3003 757 3089 ἐχόρευον·
788 3002 843 3069 τόν
863 3001 898 3067 il
914 3006 1054 3064 τοιοῦτον
1068 2997 1165 3064 τόπον

63 3118 96 3180 cl
114 3117 236 3180 ἰδιῶται
251 3106 442 3195 Ariyov'oucv
465 3104 746 3192 (1.Αυ’γουσεεῖον)
768 3111 921 3171 καλοῦσιν.
964 3101 1067 3162 sedin
1083 3105 1163 3162 notis

64 3217 102 3278 ad
114 3217 223 3277 Codin.
238 3216 287 3276 ed.
301 3219 377 3295 Reg.
393 3236 425 3295 p·
443 3214 578 3279 lobiam
592 3214 730 3273 exstabat
746 3216 772 3272 is
789 3213 872 3271 locus
887 3206 1074 3266 cLambecic
1090 3225 1163 3286 pro-

62 3322 158 3396 latus3
186 3321 292 3402 ibique
311 3329 391 3378 recte
412 3319 524 3397 legitur
543 3315 576 3380 ἒν
598 3320 640 3401 τῷ
657 3315 889 3377 rostratae:
913 3306 995 3392 quod
1009 3307 1164 3364 confirmat

62 3443 132 3483 cum
152 3424 220 3503 ipse
238 3419 371 3481 eodinus
389 3419 511 3501 Lydum
536 3419 709 3478 exscribens
733 3438 764 3497 p.
787 3417 827 3479 16
844 3433 876 3474 c:
908 3417 948 3499 τῇ
966 3408 1085 3494 πέμπτῃ
1106 3411 1164 3471 τοῦ

60 3518 245 3605 Ὀκτωβρῐου
265 3521 362 3605 μηνός
379 3519 521 3606 ἐχόρευον
540 3522 573 3586 ol
587 3514 781 3604 ρεγεονᾶρχοι
803 3506 1051 3597 [1.ρεγεοονυ’ρχ.]
1070 3511 1103 3574 ἐν
1118 3513 1164 3593 τῷ

61 3628 214 3711 Ιουυτεὶρ)
226 3621 324 3710 ἤγουν
335 3629 377 3708 τῷ
390 3618 585 3707 innuentes
601 3623 647 3698 εἰς
666 3617 758 3702 τιμήν
778 3623 834 3682 τοῦ
854 3611 1067 3700 βασιλεύοντος
1085 3607 1162 3675 aurci

59 3726 114 3795 niv
127 3723 256 3811 καιρόν·
277 3739 342 3788 tum
356 3726 465 3789 fluidas
487 3724 536 3786 etl
549 3729 668 3785 Kaster.
684 3734 758 3782 tom.
774 3724 793 3785 1
816 3741 848 3800 p·
863 3720 942 3796 877,
974 3717 1029 3778 sub
1049 3735 1080 3773 r.
1093 3709 1162 3777 Αὔ-

58 3850 198 3917 γουστος.
245 3831 389 3889 Gnatium
410 3840 511 3888 autem
531 3831 595 3889 sire
617 3828 719 3886 forum
741 3825 886 3883 cibarium
906 3819 981 3903 quid
992 3820 1084 3878 fuerit
1095 3819 1162 3874 Du-

59 3937 187 4015 caugins
203 3931 291 3994 (locst
306 3926 395 4012 Gpo'li
409 3928 587 3991 Christiana.
630 3931 732 3989 statim
752 3938 820 4008 post
846 3925 902 3984 lin.
926 3921 982 3986 18:
1011 3921 1081 4004 περὶ
1105 3920 1163 3983 τοῦ
1179 3934 1272 3991 lam

58 4038 189 4121 iovqlcu
207 4035 304 4099 icccc
325 4028 528 4116 ὅΕὖφορίυν
546 4032 624 4114 φησὶ
644 4037 753 4095 πλοῖον
774 4027 918 4113 γενέσθαι
940 4031 1004 4098 τοῖς
1018 4018 1164 4103 Ἕλλησιν

58 4140 158 4205 ἵππον
171 4130 353 4222 λεγόμενον·
382 4134 478 4218 ireqol
492 4154 569 4216 φασι
588 4137 734 4197 ΠΟΛΙΝ
748 4129 892 4214 γενέσθαι
912 4120 992 4191 οὕτω
1008 4145 1163 4209 προσαγο-

57 4239 232 4325 ρευομένην
246 4239 280 4305 ἔν
294 4242 336 4327 τῇ
352 4239 461 4324 Τροίᾳ,
493 4232 537 4302 δι’
557 4229 597 4319 ἧς
613 4236 761 4318 εἰσῆλθον
781 4228 976 4312 orassem.
1018 4238 1048 4287 et
1066 4225 1164 4288 Scho-

58 4347 137 4407 wius
148 4346 215 4405 ime
229 4344 342 4426 pagina
353 4344 386 4402 in
401 4343 544 4433 lemmate
559 4338 649 4400 laetius
665 4339 789 4421 capitis:
811 4354 921 4417 equum
938 4333 1086 4413 lignersm,
1106 4350 1165 4409 per
