<?xml version="1.0" encoding="UTF-8"?>
<!DOCTYPE html PUBLIC "-//W3C//DTD XHTML 1.0 Transitional//EN"
    "http://www.w3.org/TR/xhtml1/DTD/xhtml1-transitional.dtd">
<html xmlns="http://www.w3.org/1999/xhtml" xml:lang="en" lang="en">
 <head>
  <title>
</title>
<meta http-equiv="Content-Type" content="text/html;charset=utf-8" />
  <meta name='ocr-system' content='tesseract 3.04.00' />
  <meta name='ocr-capabilities' content='ocr_page ocr_carea ocr_par ocr_line ocrx_word'/>
</head>
<body>
  <div class='ocr_page' id='page_1' title='image "./ioanneslydus00lydogoog_0016.png"; bbox 0 0 2742 4642; ppageno 0'>
   <div class='ocr_carea' id='block_1_1' title="bbox 170 285 973 376">
    <p class='ocr_par' dir='ltr' id='par_1_1' title="bbox 170 285 973 376">
     <span class='ocr_line' id='line_1_1' title="bbox 170 285 973 376; baseline -0.001 0"><span class='ocrx_word' id='word_1_1' title='bbox 170 328 220 376; x_wconf 79' lang='lat' dir='ltr'><strong>m</strong></span> <span class='ocrx_word' id='word_1_2' title='bbox 457 285 569 375; x_wconf 77' lang='lat' dir='ltr'><strong>nasu</strong></span> <span class='ocrx_word' id='word_1_3' title='bbox 593 307 650 373; x_wconf 82' lang='lat' dir='ltr'><strong>uu</strong></span> <span class='ocrx_word' id='word_1_4' title='bbox 674 306 831 375; x_wconf 76' lang='lat' dir='ltr'><strong>toruus</strong></span> <span class='ocrx_word' id='word_1_5' title='bbox 855 306 973 375; x_wconf 76' lang='lat' dir='ltr'><strong>troo</strong></span> 
     </span>
    </p>
   </div>
   <div class='ocr_carea' id='block_1_2' title="bbox 43 506 1297 4381">
    <p class='ocr_par' dir='ltr' id='par_1_2' title="bbox 43 506 1297 4381">
     <span class='ocr_line' id='line_1_2' title="bbox 168 506 1265 591; baseline 0.001 -22"><span class='ocrx_word' id='word_1_6' title='bbox 168 529 230 569; x_wconf 86' lang='lat' dir='ltr'><strong>nou</strong></span> <span class='ocrx_word' id='word_1_7' title='bbox 239 509 338 569; x_wconf 90' lang='lat' dir='ltr'><strong>miuus</strong></span> <span class='ocrx_word' id='word_1_8' title='bbox 346 510 539 590; x_wconf 76' lang='lat' dir='ltr'><strong>probaremus</strong></span> <span class='ocrx_word' id='word_1_9' title='bbox 547 506 719 591; x_wconf 89' lang='lat' dir='ltr'><strong>(opinor)iu</strong></span> <span class='ocrx_word' id='word_1_10' title='bbox 735 527 770 567; x_wconf 92' lang='lat' dir='ltr'><strong>eo</strong></span> <span class='ocrx_word' id='word_1_11' title='bbox 781 507 898 587; x_wconf 85' lang='lat' dir='ltr'><strong>copiam</strong></span> <span class='ocrx_word' id='word_1_12' title='bbox 909 516 939 566; x_wconf 93' lang='lat' dir='ltr'><strong>et</strong></span> <span class='ocrx_word' id='word_1_13' title='bbox 951 506 1053 568; x_wconf 75' lang='lat' dir='ltr'><strong>literas</strong></span> <span class='ocrx_word' id='word_1_14' title='bbox 1064 517 1094 567; x_wconf 89' lang='lat' dir='ltr'><strong>et</strong></span> <span class='ocrx_word' id='word_1_15' title='bbox 1107 507 1265 570; x_wconf 86' lang='lat' dir='ltr'><strong>scientiam</strong></span> 
     </span>
     <span class='ocr_line' id='line_1_3' title="bbox 169 610 1264 696; baseline 0.001 -26"><span class='ocrx_word' id='word_1_16' title='bbox 169 633 270 670; x_wconf 90' lang='lat' dir='ltr'><strong>rerum</strong></span> <span class='ocrx_word' id='word_1_17' title='bbox 293 624 444 691; x_wconf 83' lang='lat' dir='ltr'><strong>veterum,</strong></span> <span class='ocrx_word' id='word_1_18' title='bbox 463 633 555 696; x_wconf 88' lang='lat' dir='ltr'><strong>quam</strong></span> <span class='ocrx_word' id='word_1_19' title='bbox 577 614 609 670; x_wconf 90' lang='lat' dir='ltr'><strong>iu</strong></span> <span class='ocrx_word' id='word_1_20' title='bbox 632 612 728 671; x_wconf 80' lang='lat' dir='ltr'><strong>Fastis</strong></span> <span class='ocrx_word' id='word_1_21' title='bbox 751 610 891 688; x_wconf 70' lang='lat' dir='ltr'><strong>pondu,</strong></span> <span class='ocrx_word' id='word_1_22' title='bbox 912 612 966 693; x_wconf 92' lang='lat' dir='ltr'><strong>qui</strong></span> <span class='ocrx_word' id='word_1_23' title='bbox 981 621 1191 690; x_wconf 71' lang='lat' dir='ltr'><strong>argumentum</strong></span> <span class='ocrx_word' id='word_1_24' title='bbox 1204 612 1264 671; x_wconf 91' lang='lat' dir='ltr'><strong>sibi</strong></span> 
     </span>
     <span class='ocr_line' id='line_1_4' title="bbox 168 716 1263 795; baseline -0.001 -21"><span class='ocrx_word' id='word_1_25' title='bbox 168 716 267 774; x_wconf 88' lang='lat' dir='ltr'><strong>airnile</strong></span> <span class='ocrx_word' id='word_1_26' title='bbox 296 718 441 795; x_wconf 86' lang='lat' dir='ltr'><strong>smnpsit,</strong></span> <span class='ocrx_word' id='word_1_27' title='bbox 473 718 648 775; x_wconf 83' lang='lat' dir='ltr'><strong>varietatem</strong></span> <span class='ocrx_word' id='word_1_28' title='bbox 676 724 707 772; x_wconf 88' lang='lat' dir='ltr'><strong>et</strong></span> <span class='ocrx_word' id='word_1_29' title='bbox 733 733 858 772; x_wconf 90' lang='lat' dir='ltr'><strong>acumen</strong></span> <span class='ocrx_word' id='word_1_30' title='bbox 881 724 911 773; x_wconf 88' lang='lat' dir='ltr'><strong>et</strong></span> <span class='ocrx_word' id='word_1_31' title='bbox 934 717 1112 773; x_wconf 82' lang='lat' dir='ltr'><strong>suavitatem</strong></span> <span class='ocrx_word' id='word_1_32' title='bbox 1137 716 1263 794; x_wconf 80' lang='lat' dir='ltr'><strong>ingenii.</strong></span> 
     </span>
     <span class='ocr_line' id='line_1_5' title="bbox 167 812 1263 899; baseline 0.004 -25"><span class='ocrx_word' id='word_1_33' title='bbox 167 816 221 875; x_wconf 88' lang='lat' dir='ltr'><strong>sed</strong></span> <span class='ocrx_word' id='word_1_34' title='bbox 232 817 284 875; x_wconf 91' lang='lat' dir='ltr'><strong>ille</strong></span> <span class='ocrx_word' id='word_1_35' title='bbox 297 817 420 899; x_wconf 89' lang='lat' dir='ltr'><strong>quidem</strong></span> <span class='ocrx_word' id='word_1_36' title='bbox 434 820 511 877; x_wconf 91' lang='lat' dir='ltr'><strong>liber</strong></span> <span class='ocrx_word' id='word_1_37' title='bbox 525 829 604 877; x_wconf 87' lang='lat' dir='ltr'><strong>totus</strong></span> <span class='ocrx_word' id='word_1_38' title='bbox 617 817 745 891; x_wconf 86' lang='lat' dir='ltr'><strong>interiit,</strong></span> <span class='ocrx_word' id='word_1_39' title='bbox 768 826 854 875; x_wconf 88' lang='lat' dir='ltr'><strong>extra</strong></span> <span class='ocrx_word' id='word_1_40' title='bbox 871 812 930 875; x_wconf 90' lang='lat' dir='ltr'><strong>duo</strong></span> <span class='ocrx_word' id='word_1_41' title='bbox 943 819 976 874; x_wconf 90' lang='lat' dir='ltr'><strong>in</strong></span> <span class='ocrx_word' id='word_1_42' title='bbox 989 815 1091 876; x_wconf 88' lang='lat' dir='ltr'><strong>codice</strong></span> <span class='ocrx_word' id='word_1_43' title='bbox 1105 819 1263 879; x_wconf 74' lang='lat' dir='ltr'><strong>caseolino</strong></span> 
     </span>
     <span class='ocr_line' id='line_1_6' title="bbox 167 917 1263 1001; baseline 0.003 -24"><span class='ocrx_word' id='word_1_44' title='bbox 167 931 283 978; x_wconf 77' lang='lat' dir='ltr'><strong>servata</strong></span> <span class='ocrx_word' id='word_1_45' title='bbox 305 921 397 996; x_wconf 84' lang='lat' dir='ltr'><strong>lolia,</strong></span> <span class='ocrx_word' id='word_1_46' title='bbox 427 922 630 1001; x_wconf 87' lang='lat' dir='ltr'><strong>epitomasque</strong></span> <span class='ocrx_word' id='word_1_47' title='bbox 652 928 805 997; x_wconf 89' lang='lat' dir='ltr'><strong>praeterea</strong></span> <span class='ocrx_word' id='word_1_48' title='bbox 827 921 902 978; x_wconf 89' lang='lat' dir='ltr'><strong>item</strong></span> <span class='ocrx_word' id='word_1_49' title='bbox 921 917 996 978; x_wconf 87' lang='lat' dir='ltr'><strong>duas</strong></span> <span class='ocrx_word' id='word_1_50' title='bbox 1017 921 1050 976; x_wconf 91' lang='lat' dir='ltr'><strong>in</strong></span> <span class='ocrx_word' id='word_1_51' title='bbox 1073 918 1263 980; x_wconf 80' lang='lat' dir='ltr'><strong>bibliothecis</strong></span> 
     </span>
     <span class='ocr_line' id='line_1_7' title="bbox 165 1019 1262 1103; baseline 0.003 -23"><span class='ocrx_word' id='word_1_52' title='bbox 165 1024 278 1100; x_wconf 87' lang='lat' dir='ltr'><strong>passim</strong></span> <span class='ocrx_word' id='word_1_53' title='bbox 298 1032 449 1083; x_wconf 87' lang='lat' dir='ltr'><strong>exstantes</strong></span> <span class='ocrx_word' id='word_1_54' title='bbox 469 1025 649 1103; x_wconf 85' lang='lat' dir='ltr'><strong>Lipsiaeque</strong></span> <span class='ocrx_word' id='word_1_55' title='bbox 667 1041 696 1080; x_wconf 82' lang='lat' dir='ltr'><strong>a.</strong></span> <span class='ocrx_word' id='word_1_56' title='bbox 716 1020 804 1097; x_wconf 74' lang='lat'><strong>1794,</strong></span> <span class='ocrx_word' id='word_1_57' title='bbox 830 1027 867 1097; x_wconf 86' lang='lat'><strong>8,</strong></span> <span class='ocrx_word' id='word_1_58' title='bbox 895 1042 936 1081; x_wconf 85' lang='lat' dir='ltr'><strong>ex</strong></span> <span class='ocrx_word' id='word_1_59' title='bbox 954 1019 1126 1101; x_wconf 83' lang='lat' dir='ltr'><strong>apographo</strong></span> <span class='ocrx_word' id='word_1_60' title='bbox 1145 1025 1262 1083; x_wconf 88' lang='lat' dir='ltr'><strong>Nicolai</strong></span> 
     </span>
     <span class='ocr_line' id='line_1_8' title="bbox 48 1122 1297 1205; baseline 0.004 -25"><span class='ocrx_word' id='word_1_61' title='bbox 48 1144 75 1195; x_wconf 85' lang='lat' dir='ltr'><strong>p·</strong></span> <span class='ocrx_word' id='word_1_62' title='bbox 95 1144 150 1184; x_wconf 80' lang='lat'>1111</span> <span class='ocrx_word' id='word_1_63' title='bbox 168 1122 293 1201; x_wconf 83' lang='lat' dir='ltr'><strong>Schow,</strong></span> <span class='ocrx_word' id='word_1_64' title='bbox 314 1127 493 1205; x_wconf 71' lang='lat' dir='ltr'><strong>amplissimi</strong></span> <span class='ocrx_word' id='word_1_65' title='bbox 516 1128 572 1184; x_wconf 83' lang='lat' dir='ltr'><strong>viri</strong></span> <span class='ocrx_word' id='word_1_66' title='bbox 595 1135 683 1205; x_wconf 90' lang='lat' dir='ltr'><strong>atque</strong></span> <span class='ocrx_word' id='word_1_67' title='bbox 706 1122 886 1200; x_wconf 84' lang='lat' dir='ltr'><strong>doctissimi,</strong></span> <span class='ocrx_word' id='word_1_68' title='bbox 907 1126 987 1204; x_wconf 86' lang='lat' dir='ltr'><strong>typis</strong></span> <span class='ocrx_word' id='word_1_69' title='bbox 1004 1123 1177 1203; x_wconf 86' lang='lat' dir='ltr'><strong>descriptas.</strong></span> <span class='ocrx_word' id='word_1_70' title='bbox 1221 1124 1262 1185; x_wconf 84' lang='lat' dir='ltr'><strong>da</strong></span> <span class='ocrx_word' id='word_1_71' title='bbox 1293 1197 1297 1200; x_wconf 13' lang='grc' dir='ltr'><em>Α</em></span> 
     </span>
     <span class='ocr_line' id='line_1_9' title="bbox 166 1224 1261 1308; baseline 0.003 -24"><span class='ocrx_word' id='word_1_72' title='bbox 166 1228 275 1308; x_wconf 89' lang='lat' dir='ltr'><strong>quibus</strong></span> <span class='ocrx_word' id='word_1_73' title='bbox 288 1229 426 1287; x_wconf 89' lang='lat' dir='ltr'><strong>omuibus</strong></span> <span class='ocrx_word' id='word_1_74' title='bbox 439 1228 558 1307; x_wconf 86' lang='lat' dir='ltr'><strong>planius</strong></span> <span class='ocrx_word' id='word_1_75' title='bbox 569 1225 695 1306; x_wconf 86' lang='lat' dir='ltr'><strong>posthac</strong></span> <span class='ocrx_word' id='word_1_76' title='bbox 708 1225 822 1302; x_wconf 89' lang='lat' dir='ltr'><strong>dicam,</strong></span> <span class='ocrx_word' id='word_1_77' title='bbox 839 1229 973 1308; x_wconf 89' lang='lat' dir='ltr'><strong>itemque</strong></span> <span class='ocrx_word' id='word_1_78' title='bbox 987 1225 1025 1285; x_wconf 91' lang='lat' dir='ltr'><strong>de</strong></span> <span class='ocrx_word' id='word_1_79' title='bbox 1037 1224 1168 1287; x_wconf 89' lang='lat' dir='ltr'><strong>secundo</strong></span> <span class='ocrx_word' id='word_1_80' title='bbox 1180 1227 1261 1308; x_wconf 84' lang='lat' dir='ltr'><strong>Lydi</strong></span> 
     </span>
     <span class='ocr_line' id='line_1_10' title="bbox 165 1323 1262 1413; baseline 0.007 -27"><span class='ocrx_word' id='word_1_81' title='bbox 165 1349 271 1408; x_wconf 91' lang='lat' dir='ltr'><strong>opere,</strong></span> <span class='ocrx_word' id='word_1_82' title='bbox 294 1350 333 1389; x_wconf 83' lang='lat' dir='ltr'><strong>na</strong></span> <span class='ocrx_word' id='word_1_83' title='bbox 356 1347 615 1391; x_wconf 67' lang='lat' dir='ltr'><strong>massmannus</strong></span> <span class='ocrx_word' id='word_1_84' title='bbox 637 1348 690 1388; x_wconf 80' lang='lat' dir='ltr'><strong>nur</strong></span> <span class='ocrx_word' id='word_1_85' title='bbox 711 1345 860 1389; x_wconf 79' lang='lat' dir='ltr'><strong>rusurcar</strong></span> <span class='ocrx_word' id='word_1_86' title='bbox 880 1331 1056 1406; x_wconf 74' lang='lat' dir='ltr'><strong>Ronanus,</strong></span> <span class='ocrx_word' id='word_1_87' title='bbox 1077 1329 1146 1413; x_wconf 75' lang='grc' dir='ltr'><strong>περὶ</strong></span> <span class='ocrx_word' id='word_1_88' title='bbox 1159 1323 1262 1412; x_wconf 67' lang='lat' dir='ltr'><strong>doxain</strong></span> 
     </span>
     <span class='ocr_line' id='line_1_11' title="bbox 164 1429 1260 1511; baseline 0.001 -21"><span class='ocrx_word' id='word_1_89' title='bbox 164 1435 220 1509; x_wconf 76' lang='grc' dir='ltr'><strong>τῆς</strong></span> <span class='ocrx_word' id='word_1_90' title='bbox 231 1429 384 1511; x_wconf 78' lang='grc' dir='ltr'><strong><em>Ῥωμαίων</em></strong></span> <span class='ocrx_word' id='word_1_91' title='bbox 398 1434 563 1509; x_wconf 68' lang='grc' dir='ltr'><strong>πολιτείας,</strong></span> <span class='ocrx_word' id='word_1_92' title='bbox 585 1434 670 1491; x_wconf 86' lang='lat' dir='ltr'><strong>libris</strong></span> <span class='ocrx_word' id='word_1_93' title='bbox 688 1433 783 1491; x_wconf 86' lang='lat' dir='ltr'><strong>tribus</strong></span> <span class='ocrx_word' id='word_1_94' title='bbox 796 1442 863 1510; x_wconf 89' lang='lat' dir='ltr'><strong>post</strong></span> <span class='ocrx_word' id='word_1_95' title='bbox 877 1434 1105 1491; x_wconf 88' lang='lat' dir='ltr'><strong>commentarios</strong></span> <span class='ocrx_word' id='word_1_96' title='bbox 1119 1430 1156 1491; x_wconf 90' lang='lat' dir='ltr'><strong>de</strong></span> <span class='ocrx_word' id='word_1_97' title='bbox 1170 1435 1260 1491; x_wconf 84' lang='lat' dir='ltr'><strong>Men-</strong></span> 
     </span>
     <span class='ocr_line' id='line_1_12' title="bbox 162 1531 1261 1616; baseline 0.002 -25"><span class='ocrx_word' id='word_1_98' title='bbox 162 1534 246 1591; x_wconf 85' lang='lat' dir='ltr'><strong>slbus</strong></span> <span class='ocrx_word' id='word_1_99' title='bbox 266 1535 398 1613; x_wconf 81' lang='lat' dir='ltr'><strong>vrslgato.</strong></span> <span class='ocrx_word' id='word_1_100' title='bbox 440 1535 474 1594; x_wconf 91' lang='lat' dir='ltr'><strong>id</strong></span> <span class='ocrx_word' id='word_1_101' title='bbox 495 1556 570 1616; x_wconf 91' lang='lat' dir='ltr'><strong>opus</strong></span> <span class='ocrx_word' id='word_1_102' title='bbox 591 1545 751 1615; x_wconf 86' lang='lat' dir='ltr'><strong>autequam</strong></span> <span class='ocrx_word' id='word_1_103' title='bbox 771 1531 829 1592; x_wconf 88' lang='lat' dir='ltr'><strong>hac</strong></span> <span class='ocrx_word' id='word_1_104' title='bbox 845 1531 976 1593; x_wconf 83' lang='lat' dir='ltr'><strong>editione</strong></span> <span class='ocrx_word' id='word_1_105' title='bbox 990 1537 1070 1615; x_wconf 89' lang='lat' dir='ltr'><strong>typis</strong></span> <span class='ocrx_word' id='word_1_106' title='bbox 1083 1533 1261 1594; x_wconf 87' lang='lat' dir='ltr'><strong>mandatum</strong></span> 
     </span>
     <span class='ocr_line' id='line_1_13' title="bbox 163 1635 1260 1719; baseline 0.005 -27"><span class='ocrx_word' id='word_1_107' title='bbox 163 1645 225 1709; x_wconf 88' lang='lat' dir='ltr'><strong>est,</strong></span> <span class='ocrx_word' id='word_1_108' title='bbox 249 1655 304 1715; x_wconf 90' lang='lat' dir='ltr'><strong>per</strong></span> <span class='ocrx_word' id='word_1_109' title='bbox 319 1657 412 1698; x_wconf 87' lang='lat' dir='ltr'><strong>anuos</strong></span> <span class='ocrx_word' id='word_1_110' title='bbox 427 1639 490 1697; x_wconf 81' lang='lat' dir='ltr'><strong>lere</strong></span> <span class='ocrx_word' id='word_1_111' title='bbox 507 1637 569 1703; x_wconf 82' lang='lat'><strong>800</strong></span> <span class='ocrx_word' id='word_1_112' title='bbox 585 1635 704 1695; x_wconf 89' lang='lat' dir='ltr'><strong>delituit</strong></span> <span class='ocrx_word' id='word_1_113' title='bbox 718 1638 749 1694; x_wconf 91' lang='lat' dir='ltr'><strong>in</strong></span> <span class='ocrx_word' id='word_1_114' title='bbox 765 1655 825 1694; x_wconf 92' lang='lat' dir='ltr'><strong>uno</strong></span> <span class='ocrx_word' id='word_1_115' title='bbox 840 1636 905 1696; x_wconf 88' lang='lat' dir='ltr'><strong>solo</strong></span> <span class='ocrx_word' id='word_1_116' title='bbox 920 1635 1053 1717; x_wconf 85' lang='lat' dir='ltr'><strong>(opinor)</strong></span> <span class='ocrx_word' id='word_1_117' title='bbox 1069 1657 1165 1719; x_wconf 88' lang='lat' dir='ltr'><strong>eoque</strong></span> <span class='ocrx_word' id='word_1_118' title='bbox 1178 1639 1260 1697; x_wconf 89' lang='lat' dir='ltr'><strong>male</strong></span> 
     </span>
     <span class='ocr_line' id='line_1_14' title="bbox 163 1720 1261 1821; baseline 0.006 -26"><span class='ocrx_word' id='word_1_119' title='bbox 163 1736 269 1798; x_wconf 83' lang='lat' dir='ltr'><strong>affecto</strong></span> <span class='ocrx_word' id='word_1_120' title='bbox 281 1720 401 1817; x_wconf 84' lang='lat' dir='ltr'><strong>codice,</strong></span> <span class='ocrx_word' id='word_1_121' title='bbox 423 1761 479 1800; x_wconf 89' lang='lat' dir='ltr'><strong>nec</strong></span> <span class='ocrx_word' id='word_1_122' title='bbox 493 1742 653 1821; x_wconf 88' lang='lat' dir='ltr'><strong>quicquam</strong></span> <span class='ocrx_word' id='word_1_123' title='bbox 664 1740 788 1818; x_wconf 88' lang='lat' dir='ltr'><strong>propius</strong></span> <span class='ocrx_word' id='word_1_124' title='bbox 805 1740 974 1799; x_wconf 88' lang='lat' dir='ltr'><strong>estfactum</strong></span> <span class='ocrx_word' id='word_1_125' title='bbox 987 1759 1079 1821; x_wconf 90' lang='lat' dir='ltr'><strong>quam</strong></span> <span class='ocrx_word' id='word_1_126' title='bbox 1091 1751 1125 1799; x_wconf 90' lang='lat' dir='ltr'><strong>ut</strong></span> <span class='ocrx_word' id='word_1_127' title='bbox 1137 1761 1261 1821; x_wconf 87' lang='lat' dir='ltr'><strong>prorsus</strong></span> 
     </span>
     <span class='ocr_line' id='line_1_15' title="bbox 163 1840 1258 1922; baseline 0.005 -25"><span class='ocrx_word' id='word_1_128' title='bbox 163 1840 322 1902; x_wconf 86' lang='lat' dir='ltr'><strong>occideret.</strong></span> <span class='ocrx_word' id='word_1_129' title='bbox 364 1845 486 1902; x_wconf 88' lang='lat' dir='ltr'><strong>tertium</strong></span> <span class='ocrx_word' id='word_1_130' title='bbox 510 1852 610 1901; x_wconf 88' lang='lat' dir='ltr'><strong>autem</strong></span> <span class='ocrx_word' id='word_1_131' title='bbox 632 1862 707 1921; x_wconf 89' lang='lat' dir='ltr'><strong>opus</strong></span> <span class='ocrx_word' id='word_1_132' title='bbox 728 1852 773 1901; x_wconf 93' lang='lat' dir='ltr'><strong>est</strong></span> <span class='ocrx_word' id='word_1_133' title='bbox 788 1852 857 1921; x_wconf 88' lang='lat' dir='ltr'><strong>post</strong></span> <span class='ocrx_word' id='word_1_134' title='bbox 877 1842 931 1901; x_wconf 90' lang='lat' dir='ltr'><strong>illa</strong></span> <span class='ocrx_word' id='word_1_135' title='bbox 954 1840 1013 1902; x_wconf 90' lang='lat' dir='ltr'><strong>duo</strong></span> <span class='ocrx_word' id='word_1_136' title='bbox 1034 1845 1194 1922; x_wconf 86' lang='lat' dir='ltr'><strong>scriptum,</strong></span> <span class='ocrx_word' id='word_1_137' title='bbox 1216 1863 1258 1902; x_wconf 80' lang='lat' dir='ltr'><strong>ns</strong></span> 
     </span>
     <span class='ocr_line' id='line_1_16' title="bbox 161 1942 1258 2029; baseline 0.002 -27"><span class='ocrx_word' id='word_1_138' title='bbox 161 1944 337 2022; x_wconf 75' lang='lat' dir='ltr'><strong>(tersurus,</strong></span> <span class='ocrx_word' id='word_1_139' title='bbox 357 1944 426 2029; x_wconf 73' lang='grc' dir='ltr'><strong>περὶ</strong></span> <span class='ocrx_word' id='word_1_140' title='bbox 438 1947 634 2025; x_wconf 73' lang='grc' dir='ltr'><strong>διοσημειῶν,</strong></span> <span class='ocrx_word' id='word_1_141' title='bbox 655 1964 751 2024; x_wconf 88' lang='lat' dir='ltr'><strong>aeque</strong></span> <span class='ocrx_word' id='word_1_142' title='bbox 764 1942 912 2003; x_wconf 87' lang='lat' dir='ltr'><strong>ineditum</strong></span> <span class='ocrx_word' id='word_1_143' title='bbox 924 1956 1041 2024; x_wconf 86' lang='lat' dir='ltr'><strong>praeter</strong></span> <span class='ocrx_word' id='word_1_144' title='bbox 1054 1964 1149 2026; x_wconf 89' lang='lat' dir='ltr'><strong>pauca</strong></span> <span class='ocrx_word' id='word_1_145' title='bbox 1162 1965 1258 2027; x_wconf 88' lang='lat' dir='ltr'><strong>quae-</strong></span> 
     </span>
     <span class='ocr_line' id='line_1_17' title="bbox 162 2042 1259 2129; baseline 0.004 -27"><span class='ocrx_word' id='word_1_146' title='bbox 162 2042 252 2120; x_wconf 84' lang='lat' dir='ltr'><strong>dam3</strong></span> <span class='ocrx_word' id='word_1_147' title='bbox 285 2067 344 2128; x_wconf 92' lang='lat' dir='ltr'><strong>quo</strong></span> <span class='ocrx_word' id='word_1_148' title='bbox 371 2045 515 2128; x_wconf 91' lang='lat' dir='ltr'><strong>quicquid</strong></span> <span class='ocrx_word' id='word_1_149' title='bbox 536 2044 574 2105; x_wconf 89' lang='lat' dir='ltr'><strong>de</strong></span> <span class='ocrx_word' id='word_1_150' title='bbox 601 2049 768 2126; x_wconf 75' lang='lat' dir='ltr'><strong>aruspicina</strong></span> <span class='ocrx_word' id='word_1_151' title='bbox 791 2048 992 2129; x_wconf 81' lang='lat' dir='ltr'><strong>fulguralique</strong></span> <span class='ocrx_word' id='word_1_152' title='bbox 1012 2050 1117 2128; x_wconf 87' lang='lat' dir='ltr'><strong>populi</strong></span> <span class='ocrx_word' id='word_1_153' title='bbox 1130 2049 1259 2108; x_wconf 83' lang='lat' dir='ltr'><strong>Romani</strong></span> 
     </span>
     <span class='ocr_line' id='line_1_18' title="bbox 160 2143 1258 2232; baseline 0.005 -28"><span class='ocrx_word' id='word_1_154' title='bbox 160 2143 319 2226; x_wconf 87' lang='lat' dir='ltr'><strong>disciplina</strong></span> <span class='ocrx_word' id='word_1_155' title='bbox 341 2160 371 2208; x_wconf 88' lang='lat' dir='ltr'><strong>et</strong></span> <span class='ocrx_word' id='word_1_156' title='bbox 393 2153 531 2209; x_wconf 82' lang='lat' dir='ltr'><strong>universe</strong></span> <span class='ocrx_word' id='word_1_157' title='bbox 551 2147 590 2208; x_wconf 92' lang='lat' dir='ltr'><strong>de</strong></span> <span class='ocrx_word' id='word_1_158' title='bbox 611 2149 735 2208; x_wconf 68' lang='lat' dir='ltr'><strong>amentia</strong></span> <span class='ocrx_word' id='word_1_159' title='bbox 756 2160 918 2228; x_wconf 81' lang='lat' dir='ltr'><strong>auguratus</strong></span> <span class='ocrx_word' id='word_1_160' title='bbox 943 2148 1135 2232; x_wconf 87' lang='lat' dir='ltr'><strong>doctrinaque</strong></span> <span class='ocrx_word' id='word_1_161' title='bbox 1153 2151 1258 2209; x_wconf 82' lang='lat' dir='ltr'><strong>Tusca</strong></span> 
     </span>
     <span class='ocr_line' id='line_1_19' title="bbox 56 2250 1255 2333; baseline 0.003 -27"><span class='ocrx_word' id='word_1_162' title='bbox 56 2322 60 2329; x_wconf 27' lang='lat'>¹</span> <span class='ocrx_word' id='word_1_163' title='bbox 158 2257 293 2328; x_wconf 89' lang='lat' dir='ltr'><strong>tempore</strong></span> <span class='ocrx_word' id='word_1_164' title='bbox 313 2252 472 2310; x_wconf 86' lang='lat' dir='ltr'><strong>Iustiniani</strong></span> <span class='ocrx_word' id='word_1_165' title='bbox 494 2250 570 2308; x_wconf 87' lang='lat' dir='ltr'><strong>disci</strong></span> <span class='ocrx_word' id='word_1_166' title='bbox 590 2251 719 2327; x_wconf 85' lang='lat' dir='ltr'><strong>scirique</strong></span> <span class='ocrx_word' id='word_1_167' title='bbox 740 2261 873 2327; x_wconf 87' lang='lat' dir='ltr'><strong>poterat,</strong></span> <span class='ocrx_word' id='word_1_168' title='bbox 896 2264 1158 2333; x_wconf 83' lang='lat' dir='ltr'><strong>quantumcunque</strong></span> <span class='ocrx_word' id='word_1_169' title='bbox 1181 2262 1255 2329; x_wconf 83' lang='lat' dir='ltr'><strong>erat,</strong></span> 
     </span>
     <span class='ocr_line' id='line_1_20' title="bbox 159 2349 1256 2431; baseline 0.005 -24"><span class='ocrx_word' id='word_1_170' title='bbox 159 2349 238 2408; x_wconf 90' lang='lat' dir='ltr'><strong>illud</strong></span> <span class='ocrx_word' id='word_1_171' title='bbox 248 2360 347 2409; x_wconf 90' lang='lat' dir='ltr'><strong>totum</strong></span> <span class='ocrx_word' id='word_1_172' title='bbox 360 2350 463 2431; x_wconf 77' lang='lat' dir='ltr'><strong>Lydus</strong></span> <span class='ocrx_word' id='word_1_173' title='bbox 479 2350 615 2411; x_wconf 88' lang='lat' dir='ltr'><strong>contulit.</strong></span> <span class='ocrx_word' id='word_1_174' title='bbox 658 2350 712 2429; x_wconf 93' lang='lat' dir='ltr'><strong>qui</strong></span> <span class='ocrx_word' id='word_1_175' title='bbox 724 2350 801 2408; x_wconf 92' lang='lat' dir='ltr'><strong>liber</strong></span> <span class='ocrx_word' id='word_1_176' title='bbox 814 2369 874 2431; x_wconf 92' lang='lat' dir='ltr'><strong>quo</strong></span> <span class='ocrx_word' id='word_1_177' title='bbox 888 2362 933 2410; x_wconf 90' lang='lat' dir='ltr'><strong>est</strong></span> <span class='ocrx_word' id='word_1_178' title='bbox 943 2354 1040 2431; x_wconf 83' lang='lat' dir='ltr'><strong>magis</strong></span> <span class='ocrx_word' id='word_1_179' title='bbox 1053 2353 1256 2413; x_wconf 73' lang='lat' dir='ltr'><strong>abstrusorum</strong></span> 
     </span>
     <span class='ocr_line' id='line_1_21' title="bbox 158 2449 1257 2534; baseline 0.006 -26"><span class='ocrx_word' id='word_1_180' title='bbox 158 2470 365 2533; x_wconf 83' lang='lat' dir='ltr'><strong>novarumque</strong></span> <span class='ocrx_word' id='word_1_181' title='bbox 385 2473 486 2512; x_wconf 90' lang='lat' dir='ltr'><strong>rerum</strong></span> <span class='ocrx_word' id='word_1_182' title='bbox 507 2454 615 2532; x_wconf 89' lang='lat' dir='ltr'><strong>plenus</strong></span> <span class='ocrx_word' id='word_1_183' title='bbox 636 2449 736 2531; x_wconf 89' lang='lat' dir='ltr'><strong>adque</strong></span> <span class='ocrx_word' id='word_1_184' title='bbox 756 2453 869 2530; x_wconf 90' lang='lat' dir='ltr'><strong>priscas</strong></span> <span class='ocrx_word' id='word_1_185' title='bbox 889 2457 993 2534; x_wconf 91' lang='lat' dir='ltr'><strong>populi</strong></span> <span class='ocrx_word' id='word_1_186' title='bbox 1014 2457 1143 2514; x_wconf 85' lang='lat' dir='ltr'><strong>Romani</strong></span> <span class='ocrx_word' id='word_1_187' title='bbox 1159 2459 1257 2515; x_wconf 91' lang='lat' dir='ltr'><strong>caeri-</strong></span> 
     </span>
     <span class='ocr_line' id='line_1_22' title="bbox 158 2555 1256 2636; baseline 0.006 -25"><span class='ocrx_word' id='word_1_188' title='bbox 158 2555 275 2613; x_wconf 89' lang='lat' dir='ltr'><strong>monias</strong></span> <span class='ocrx_word' id='word_1_189' title='bbox 298 2556 537 2636; x_wconf 81' lang='lat' dir='ltr'><strong>religionumque</strong></span> <span class='ocrx_word' id='word_1_190' title='bbox 560 2555 732 2613; x_wconf 81' lang='lat' dir='ltr'><strong>sanctitates</strong></span> <span class='ocrx_word' id='word_1_191' title='bbox 757 2556 878 2615; x_wconf 84' lang='lat' dir='ltr'><strong>intimas</strong></span> <span class='ocrx_word' id='word_1_192' title='bbox 900 2555 1066 2617; x_wconf 87' lang='lat' dir='ltr'><strong>noscendas</strong></span> <span class='ocrx_word' id='word_1_193' title='bbox 1087 2558 1189 2633; x_wconf 87' lang='lat' dir='ltr'><strong>utilis,</strong></span> <span class='ocrx_word' id='word_1_194' title='bbox 1218 2579 1256 2618; x_wconf 88' lang='lat' dir='ltr'><strong>eo</strong></span> 
     </span>
     <span class='ocr_line' id='line_1_23' title="bbox 158 2655 1256 2742; baseline 0.006 -29"><span class='ocrx_word' id='word_1_195' title='bbox 158 2659 304 2716; x_wconf 88' lang='lat' dir='ltr'><strong>maiorem</strong></span> <span class='ocrx_word' id='word_1_196' title='bbox 325 2656 474 2718; x_wconf 86' lang='lat' dir='ltr'><strong>desiderat</strong></span> <span class='ocrx_word' id='word_1_197' title='bbox 493 2660 526 2715; x_wconf 90' lang='lat' dir='ltr'><strong>in</strong></span> <span class='ocrx_word' id='word_1_198' title='bbox 545 2656 715 2736; x_wconf 84' lang='lat' dir='ltr'><strong>legentibus</strong></span> <span class='ocrx_word' id='word_1_199' title='bbox 733 2655 950 2718; x_wconf 85' lang='lat' dir='ltr'><strong>dubitationem</strong></span> <span class='ocrx_word' id='word_1_200' title='bbox 974 2670 1005 2718; x_wconf 90' lang='lat' dir='ltr'><strong>et</strong></span> <span class='ocrx_word' id='word_1_201' title='bbox 1024 2679 1165 2735; x_wconf 88' lang='lat' dir='ltr'><strong>acumen,</strong></span> <span class='ocrx_word' id='word_1_202' title='bbox 1194 2679 1256 2742; x_wconf 89' lang='lat' dir='ltr'><strong>quo</strong></span> 
     </span>
     <span class='ocr_line' id='line_1_24' title="bbox 157 2761 1255 2842; baseline 0.005 -26"><span class='ocrx_word' id='word_1_203' title='bbox 157 2778 253 2817; x_wconf 85' lang='lat' dir='ltr'><strong>novae</strong></span> <span class='ocrx_word' id='word_1_204' title='bbox 269 2763 571 2840; x_wconf 65' lang='lat' dir='ltr'><strong>mauringuam</strong></span> <span class='ocrx_word' id='word_1_205' title='bbox 589 2781 645 2841; x_wconf 92' lang='lat' dir='ltr'><strong>per</strong></span> <span class='ocrx_word' id='word_1_206' title='bbox 663 2770 766 2839; x_wconf 88' lang='lat' dir='ltr'><strong>gentes</strong></span> <span class='ocrx_word' id='word_1_207' title='bbox 785 2761 871 2821; x_wconf 77' lang='lat' dir='ltr'><strong>uuae</strong></span> <span class='ocrx_word' id='word_1_208' title='bbox 885 2765 1108 2842; x_wconf 82' lang='lat' dir='ltr'><strong>superstitiones</strong></span> <span class='ocrx_word' id='word_1_209' title='bbox 1123 2764 1160 2821; x_wconf 89' lang='lat' dir='ltr'><strong>ab</strong></span> <span class='ocrx_word' id='word_1_210' title='bbox 1174 2766 1255 2822; x_wconf 86' lang='lat' dir='ltr'><strong>anti-</strong></span> 
     </span>
     <span class='ocr_line' id='line_1_25' title="bbox 157 2864 1254 2947; baseline 0.006 -28"><span class='ocrx_word' id='word_1_211' title='bbox 157 2864 310 2942; x_wconf 89' lang='lat' dir='ltr'><strong>quissimis</strong></span> <span class='ocrx_word' id='word_1_212' title='bbox 330 2865 374 2921; x_wconf 91' lang='lat' dir='ltr'><strong>rei</strong></span> <span class='ocrx_word' id='word_1_213' title='bbox 393 2864 531 2943; x_wconf 89' lang='lat' dir='ltr'><strong>publicae</strong></span> <span class='ocrx_word' id='word_1_214' title='bbox 552 2865 695 2923; x_wconf 89' lang='lat' dir='ltr'><strong>institutis</strong></span> <span class='ocrx_word' id='word_1_215' title='bbox 715 2866 968 2947; x_wconf 87' lang='lat' dir='ltr'><strong>Etruscorumque</strong></span> <span class='ocrx_word' id='word_1_216' title='bbox 987 2868 1152 2946; x_wconf 86' lang='lat' dir='ltr'><strong>praeceptis</strong></span> <span class='ocrx_word' id='word_1_217' title='bbox 1172 2878 1254 2926; x_wconf 85' lang='lat' dir='ltr'><strong>recte</strong></span> 
     </span>
     <span class='ocr_line' id='line_1_26' title="bbox 158 2960 1254 3050; baseline 0.006 -27"><span class='ocrx_word' id='word_1_218' title='bbox 158 2960 389 3044; x_wconf 85' lang='lat' dir='ltr'><strong>distinguantur.</strong></span> <span class='ocrx_word' id='word_1_219' title='bbox 430 2985 487 3024; x_wconf 91' lang='lat' dir='ltr'><strong>uec</strong></span> <span class='ocrx_word' id='word_1_220' title='bbox 513 2963 669 3025; x_wconf 89' lang='lat' dir='ltr'><strong>dissimulo</strong></span> <span class='ocrx_word' id='word_1_221' title='bbox 693 2968 814 3025; x_wconf 91' lang='lat' dir='ltr'><strong>omuino</strong></span> <span class='ocrx_word' id='word_1_222' title='bbox 830 2987 880 3025; x_wconf 91' lang='lat' dir='ltr'><strong>me</strong></span> <span class='ocrx_word' id='word_1_223' title='bbox 896 2966 997 3027; x_wconf 89' lang='lat' dir='ltr'><strong>dolere</strong></span> <span class='ocrx_word' id='word_1_224' title='bbox 1014 2967 1097 3050; x_wconf 92' lang='lat' dir='ltr'><strong>quod</strong></span> <span class='ocrx_word' id='word_1_225' title='bbox 1108 2978 1173 3027; x_wconf 88' lang='lat' dir='ltr'><strong>tam</strong></span> <span class='ocrx_word' id='word_1_226' title='bbox 1185 2990 1254 3030; x_wconf 89' lang='lat' dir='ltr'><strong>sero</strong></span> 
     </span>
     <span class='ocr_line' id='line_1_27' title="bbox 43 3064 1254 3147; baseline 0.007 -25"><span class='ocrx_word' id='word_1_227' title='bbox 43 3088 71 3139; x_wconf 74' lang='lat' dir='ltr'><strong>p.</strong></span> <span class='ocrx_word' id='word_1_228' title='bbox 90 3086 141 3127; x_wconf 77' lang='lat' dir='ltr'><strong>xrs</strong></span> <span class='ocrx_word' id='word_1_229' title='bbox 157 3064 261 3146; x_wconf 83' lang='lat' dir='ltr'><strong>Lydus</strong></span> <span class='ocrx_word' id='word_1_230' title='bbox 278 3066 318 3127; x_wconf 89' lang='lat' dir='ltr'><strong>ad</strong></span> <span class='ocrx_word' id='word_1_231' title='bbox 331 3066 504 3128; x_wconf 88' lang='lat' dir='ltr'><strong>scribendos</strong></span> <span class='ocrx_word' id='word_1_232' title='bbox 514 3065 570 3128; x_wconf 89' lang='lat' dir='ltr'><strong>hos</strong></span> <span class='ocrx_word' id='word_1_233' title='bbox 584 3069 677 3128; x_wconf 92' lang='lat' dir='ltr'><strong>libros</strong></span> <span class='ocrx_word' id='word_1_234' title='bbox 691 3087 723 3127; x_wconf 89' lang='lat' dir='ltr'><strong>se</strong></span> <span class='ocrx_word' id='word_1_235' title='bbox 741 3070 948 3147; x_wconf 82' lang='lat' dir='ltr'><strong>applicaverit,</strong></span> <span class='ocrx_word' id='word_1_236' title='bbox 970 3090 1064 3131; x_wconf 89' lang='lat' dir='ltr'><strong>annos</strong></span> <span class='ocrx_word' id='word_1_237' title='bbox 1081 3082 1169 3131; x_wconf 84' lang='lat' dir='ltr'><strong>natus</strong></span> <span class='ocrx_word' id='word_1_238' title='bbox 1185 3091 1254 3131; x_wconf 89' lang='lat' dir='ltr'><strong>am-</strong></span> 
     </span>
     <span class='ocr_line' id='line_1_28' title="bbox 155 3169 1253 3249; baseline 0.007 -23"><span class='ocrx_word' id='word_1_239' title='bbox 155 3169 237 3248; x_wconf 89' lang='lat' dir='ltr'><strong>plius</strong></span> <span class='ocrx_word' id='word_1_240' title='bbox 253 3172 310 3244; x_wconf 82' lang='lat'><strong>60,</strong></span> <span class='ocrx_word' id='word_1_241' title='bbox 331 3171 508 3229; x_wconf 87' lang='lat' dir='ltr'><strong>labefactata</strong></span> <span class='ocrx_word' id='word_1_242' title='bbox 527 3171 590 3228; x_wconf 87' lang='lat' dir='ltr'><strong>iam</strong></span> <span class='ocrx_word' id='word_1_243' title='bbox 610 3189 645 3229; x_wconf 90' lang='lat' dir='ltr'><strong>ac</strong></span> <span class='ocrx_word' id='word_1_244' title='bbox 662 3172 821 3231; x_wconf 83' lang='lat' dir='ltr'><strong>vacillante</strong></span> <span class='ocrx_word' id='word_1_245' title='bbox 834 3174 1028 3249; x_wconf 86' lang='lat' dir='ltr'><strong>memoriola,</strong></span> <span class='ocrx_word' id='word_1_246' title='bbox 1050 3176 1132 3233; x_wconf 87' lang='lat' dir='ltr'><strong>cuius</strong></span> <span class='ocrx_word' id='word_1_247' title='bbox 1147 3176 1253 3234; x_wconf 91' lang='lat' dir='ltr'><strong>immi-</strong></span> 
     </span>
     <span class='ocr_line' id='line_1_29' title="bbox 154 3272 1253 3353; baseline 0.005 -23"><span class='ocrx_word' id='word_1_248' title='bbox 154 3273 240 3330; x_wconf 88' lang='lat' dir='ltr'><strong>nutio</strong></span> <span class='ocrx_word' id='word_1_249' title='bbox 261 3292 330 3331; x_wconf 86' lang='lat' dir='ltr'><strong>curu</strong></span> <span class='ocrx_word' id='word_1_250' title='bbox 351 3275 383 3331; x_wconf 93' lang='lat' dir='ltr'><strong>in</strong></span> <span class='ocrx_word' id='word_1_251' title='bbox 407 3275 489 3333; x_wconf 91' lang='lat' dir='ltr'><strong>omui</strong></span> <span class='ocrx_word' id='word_1_252' title='bbox 504 3274 645 3353; x_wconf 88' lang='lat' dir='ltr'><strong>scriptore</strong></span> <span class='ocrx_word' id='word_1_253' title='bbox 660 3283 705 3332; x_wconf 84' lang='lat' dir='ltr'><strong>est</strong></span> <span class='ocrx_word' id='word_1_254' title='bbox 717 3272 923 3351; x_wconf 88' lang='lat' dir='ltr'><strong>incommoda,</strong></span> <span class='ocrx_word' id='word_1_255' title='bbox 943 3285 1010 3334; x_wconf 88' lang='lat' dir='ltr'><strong>tum</strong></span> <span class='ocrx_word' id='word_1_256' title='bbox 1022 3278 1156 3335; x_wconf 85' lang='lat' dir='ltr'><strong>maxime</strong></span> <span class='ocrx_word' id='word_1_257' title='bbox 1168 3279 1201 3335; x_wconf 93' lang='lat' dir='ltr'><strong>iu</strong></span> <span class='ocrx_word' id='word_1_258' title='bbox 1215 3297 1253 3337; x_wconf 91' lang='lat' dir='ltr'><strong>eo</strong></span> 
     </span>
     <span class='ocr_line' id='line_1_30' title="bbox 155 3373 1251 3457; baseline 0.005 -25"><span class='ocrx_word' id='word_1_259' title='bbox 155 3376 209 3455; x_wconf 91' lang='lat' dir='ltr'><strong>qui</strong></span> <span class='ocrx_word' id='word_1_260' title='bbox 222 3373 390 3434; x_wconf 88' lang='lat' dir='ltr'><strong>reconditas</strong></span> <span class='ocrx_word' id='word_1_261' title='bbox 404 3377 495 3457; x_wconf 90' lang='lat' dir='ltr'><strong>inque</strong></span> <span class='ocrx_word' id='word_1_262' title='bbox 509 3377 617 3454; x_wconf 74' lang='lat' dir='ltr'><strong>vulgus</strong></span> <span class='ocrx_word' id='word_1_263' title='bbox 632 3377 751 3455; x_wconf 84' lang='lat' dir='ltr'><strong>ignotas</strong></span> <span class='ocrx_word' id='word_1_264' title='bbox 766 3396 814 3437; x_wconf 92' lang='lat' dir='ltr'><strong>res</strong></span> <span class='ocrx_word' id='word_1_265' title='bbox 827 3398 905 3437; x_wconf 88' lang='lat' dir='ltr'><strong>unus</strong></span> <span class='ocrx_word' id='word_1_266' title='bbox 916 3388 1030 3437; x_wconf 83' lang='lat' dir='ltr'><strong>tractet.</strong></span> <span class='ocrx_word' id='word_1_267' title='bbox 1073 3375 1151 3437; x_wconf 90' lang='lat' dir='ltr'><strong>adde</strong></span> <span class='ocrx_word' id='word_1_268' title='bbox 1161 3378 1251 3455; x_wconf 88' lang='lat' dir='ltr'><strong>illud,</strong></span> 
     </span>
     <span class='ocr_line' id='line_1_31' title="bbox 154 3477 1251 3558; baseline 0.002 -21"><span class='ocrx_word' id='word_1_269' title='bbox 154 3487 285 3551; x_wconf 82' lang='lat' dir='ltr'><strong>veteres,</strong></span> <span class='ocrx_word' id='word_1_270' title='bbox 307 3479 334 3536; x_wconf 90' lang='lat' dir='ltr'><strong>si</strong></span> <span class='ocrx_word' id='word_1_271' title='bbox 348 3477 467 3558; x_wconf 89' lang='lat' dir='ltr'><strong>quando</strong></span> <span class='ocrx_word' id='word_1_272' title='bbox 481 3477 683 3538; x_wconf 88' lang='lat' dir='ltr'><strong>inscribendo</strong></span> <span class='ocrx_word' id='word_1_273' title='bbox 701 3479 829 3537; x_wconf 89' lang='lat' dir='ltr'><strong>aliorum</strong></span> <span class='ocrx_word' id='word_1_274' title='bbox 845 3481 935 3540; x_wconf 82' lang='lat' dir='ltr'><strong>verba</strong></span> <span class='ocrx_word' id='word_1_275' title='bbox 953 3480 1109 3555; x_wconf 84' lang='lat' dir='ltr'><strong>afferrent,</strong></span> <span class='ocrx_word' id='word_1_276' title='bbox 1131 3500 1251 3539; x_wconf 88' lang='lat' dir='ltr'><strong>memo-</strong></span> 
     </span>
     <span class='ocr_line' id='line_1_32' title="bbox 153 3580 1251 3661; baseline 0.005 -24"><span class='ocrx_word' id='word_1_277' title='bbox 153 3580 226 3638; x_wconf 90' lang='lat' dir='ltr'><strong>riter</strong></span> <span class='ocrx_word' id='word_1_278' title='bbox 250 3581 428 3661; x_wconf 85' lang='lat' dir='ltr'><strong>plerumque</strong></span> <span class='ocrx_word' id='word_1_279' title='bbox 451 3601 508 3640; x_wconf 90' lang='lat' dir='ltr'><strong>neo</strong></span> <span class='ocrx_word' id='word_1_280' title='bbox 529 3582 592 3641; x_wconf 92' lang='lat' dir='ltr'><strong>ullo</strong></span> <span class='ocrx_word' id='word_1_281' title='bbox 613 3581 733 3640; x_wconf 78' lang='lat' dir='ltr'><strong>evoluto</strong></span> <span class='ocrx_word' id='word_1_282' title='bbox 753 3583 906 3642; x_wconf 81' lang='lat' dir='ltr'><strong>volumine</strong></span> <span class='ocrx_word' id='word_1_283' title='bbox 923 3602 959 3642; x_wconf 89' lang='lat' dir='ltr'><strong>ea</strong></span> <span class='ocrx_word' id='word_1_284' title='bbox 976 3584 1042 3641; x_wconf 89' lang='lat' dir='ltr'><strong>loca</strong></span> <span class='ocrx_word' id='word_1_285' title='bbox 1062 3602 1128 3642; x_wconf 87' lang='lat' dir='ltr'><strong>esse</strong></span> <span class='ocrx_word' id='word_1_286' title='bbox 1144 3585 1178 3641; x_wconf 92' lang='lat' dir='ltr'><strong>iu</strong></span> <span class='ocrx_word' id='word_1_287' title='bbox 1195 3604 1251 3643; x_wconf 87' lang='lat' dir='ltr'><strong>sua</strong></span> 
     </span>
     <span class='ocr_line' id='line_1_33' title="bbox 150 3682 1251 3764; baseline 0.002 -24"><span class='ocrx_word' id='word_1_288' title='bbox 150 3682 311 3741; x_wconf 69' lang='lat' dir='ltr'><strong>mansferre</strong></span> <span class='ocrx_word' id='word_1_289' title='bbox 332 3686 441 3763; x_wconf 89' lang='lat' dir='ltr'><strong>scripta</strong></span> <span class='ocrx_word' id='word_1_290' title='bbox 463 3685 584 3760; x_wconf 86' lang='lat' dir='ltr'><strong>solitos,</strong></span> <span class='ocrx_word' id='word_1_291' title='bbox 603 3686 770 3743; x_wconf 87' lang='lat' dir='ltr'><strong>sententiae</strong></span> <span class='ocrx_word' id='word_1_292' title='bbox 790 3686 996 3764; x_wconf 85' lang='lat' dir='ltr'><strong>multomagis</strong></span> <span class='ocrx_word' id='word_1_293' title='bbox 1012 3703 1104 3764; x_wconf 90' lang='lat' dir='ltr'><strong>quam</strong></span> <span class='ocrx_word' id='word_1_294' title='bbox 1117 3685 1251 3743; x_wconf 84' lang='lat' dir='ltr'><strong>vocabu-</strong></span> 
     </span>
     <span class='ocr_line' id='line_1_34' title="bbox 151 3782 1250 3867; baseline 0.004 -25"><span class='ocrx_word' id='word_1_295' title='bbox 151 3784 251 3843; x_wconf 91' lang='lat' dir='ltr'><strong>lorum</strong></span> <span class='ocrx_word' id='word_1_296' title='bbox 265 3782 368 3845; x_wconf 88' lang='lat' dir='ltr'><strong>habita</strong></span> <span class='ocrx_word' id='word_1_297' title='bbox 382 3789 506 3846; x_wconf 89' lang='lat' dir='ltr'><strong>ratione.</strong></span> <span class='ocrx_word' id='word_1_298' title='bbox 548 3806 626 3867; x_wconf 92' lang='lat' dir='ltr'><strong>quae</strong></span> <span class='ocrx_word' id='word_1_299' title='bbox 642 3785 824 3846; x_wconf 89' lang='lat' dir='ltr'><strong>consuetudo</strong></span> <span class='ocrx_word' id='word_1_300' title='bbox 838 3789 957 3846; x_wconf 86' lang='lat' dir='ltr'><strong>tametsi</strong></span> <span class='ocrx_word' id='word_1_301' title='bbox 968 3807 1057 3866; x_wconf 87' lang='lat' dir='ltr'><strong>saepe</strong></span> <span class='ocrx_word' id='word_1_302' title='bbox 1072 3784 1250 3865; x_wconf 88' lang='lat' dir='ltr'><strong>trepidatio-</strong></span> 
     </span>
     <span class='ocr_line' id='line_1_35' title="bbox 151 3886 1249 3970; baseline 0.004 -27"><span class='ocrx_word' id='word_1_303' title='bbox 151 3905 223 3945; x_wconf 88' lang='lat' dir='ltr'><strong>nem</strong></span> <span class='ocrx_word' id='word_1_304' title='bbox 237 3886 331 3948; x_wconf 91' lang='lat' dir='ltr'><strong>doctis</strong></span> <span class='ocrx_word' id='word_1_305' title='bbox 344 3891 657 3970; x_wconf 86' lang='lat' dir='ltr'><strong>perturbationemque</strong></span> <span class='ocrx_word' id='word_1_306' title='bbox 671 3890 787 3965; x_wconf 87' lang='lat' dir='ltr'><strong>attulit,</strong></span> <span class='ocrx_word' id='word_1_307' title='bbox 807 3900 910 3948; x_wconf 86' lang='lat' dir='ltr'><strong>tamen</strong></span> <span class='ocrx_word' id='word_1_308' title='bbox 925 3899 959 3948; x_wconf 92' lang='lat' dir='ltr'><strong>ut</strong></span> <span class='ocrx_word' id='word_1_309' title='bbox 975 3891 1115 3949; x_wconf 81' lang='lat' dir='ltr'><strong>universe</strong></span> <span class='ocrx_word' id='word_1_310' title='bbox 1130 3908 1249 3948; x_wconf 86' lang='lat' dir='ltr'><strong>summa</strong></span> 
     </span>
     <span class='ocr_line' id='line_1_36' title="bbox 150 3971 1249 4073; baseline -0.002 -24"><span class='ocrx_word' id='word_1_311' title='bbox 150 3988 288 4049; x_wconf 86' lang='lat' dir='ltr'><strong>codicum</strong></span> <span class='ocrx_word' id='word_1_312' title='bbox 303 3993 405 4071; x_wconf 88' lang='lat' dir='ltr'><strong>inopia</strong></span> <span class='ocrx_word' id='word_1_313' title='bbox 418 4002 449 4049; x_wconf 89' lang='lat' dir='ltr'><strong>et</strong></span> <span class='ocrx_word' id='word_1_314' title='bbox 461 3993 582 4050; x_wconf 86' lang='lat' dir='ltr'><strong>caritate</strong></span> <span class='ocrx_word' id='word_1_315' title='bbox 597 4003 719 4073; x_wconf 86' lang='lat' dir='ltr'><strong>totaque</strong></span> <span class='ocrx_word' id='word_1_316' title='bbox 732 3971 899 4051; x_wconf 76' lang='lat' dir='ltr'><strong>studiorum</strong></span> <span class='ocrx_word' id='word_1_317' title='bbox 916 4000 947 4049; x_wconf 88' lang='lat' dir='ltr'><strong>et</strong></span> <span class='ocrx_word' id='word_1_318' title='bbox 960 3992 1040 4050; x_wconf 77' lang='lat' dir='ltr'><strong>vitae</strong></span> <span class='ocrx_word' id='word_1_319' title='bbox 1055 3992 1169 4050; x_wconf 89' lang='lat' dir='ltr'><strong>ratione</strong></span> <span class='ocrx_word' id='word_1_320' title='bbox 1190 4008 1249 4047; x_wconf 87' lang='lat' dir='ltr'><strong>ex-</strong></span> 
     </span>
     <span class='ocr_line' id='line_1_37' title="bbox 150 4091 1249 4174; baseline -0.003 -23"><span class='ocrx_word' id='word_1_321' title='bbox 150 4094 263 4168; x_wconf 85' lang='lat' dir='ltr'><strong>cusari,</strong></span> <span class='ocrx_word' id='word_1_322' title='bbox 284 4095 327 4153; x_wconf 88' lang='lat' dir='ltr'><strong>ita</strong></span> <span class='ocrx_word' id='word_1_323' title='bbox 347 4095 379 4151; x_wconf 88' lang='lat' dir='ltr'><strong>in</strong></span> <span class='ocrx_word' id='word_1_324' title='bbox 400 4095 437 4153; x_wconf 89' lang='lat' dir='ltr'><strong>iis</strong></span> <span class='ocrx_word' id='word_1_325' title='bbox 453 4096 629 4173; x_wconf 87' lang='lat' dir='ltr'><strong>praesertim</strong></span> <span class='ocrx_word' id='word_1_326' title='bbox 643 4094 813 4152; x_wconf 86' lang='lat' dir='ltr'><strong>auctoribus</strong></span> <span class='ocrx_word' id='word_1_327' title='bbox 830 4094 944 4174; x_wconf 90' lang='lat' dir='ltr'><strong>absque</strong></span> <span class='ocrx_word' id='word_1_328' title='bbox 957 4112 1066 4173; x_wconf 87' lang='lat' dir='ltr'><strong>magno</strong></span> <span class='ocrx_word' id='word_1_329' title='bbox 1079 4102 1163 4151; x_wconf 88' lang='lat' dir='ltr'><strong>metu</strong></span> <span class='ocrx_word' id='word_1_330' title='bbox 1175 4091 1249 4149; x_wconf 86' lang='lat' dir='ltr'><strong>ferri</strong></span> 
     </span>
     <span class='ocr_line' id='line_1_38' title="bbox 148 4192 1249 4276; baseline 0 -24"><span class='ocrx_word' id='word_1_331' title='bbox 148 4204 248 4274; x_wconf 87' lang='lat' dir='ltr'><strong>potest</strong></span> <span class='ocrx_word' id='word_1_332' title='bbox 269 4198 321 4276; x_wconf 93' lang='lat' dir='ltr'><strong>qui</strong></span> <span class='ocrx_word' id='word_1_333' title='bbox 346 4206 447 4253; x_wconf 88' lang='lat' dir='ltr'><strong>mente</strong></span> <span class='ocrx_word' id='word_1_334' title='bbox 470 4198 531 4254; x_wconf 89' lang='lat' dir='ltr'><strong>acri</strong></span> <span class='ocrx_word' id='word_1_335' title='bbox 545 4204 575 4253; x_wconf 88' lang='lat' dir='ltr'><strong>et</strong></span> <span class='ocrx_word' id='word_1_336' title='bbox 588 4197 709 4274; x_wconf 80' lang='lat' dir='ltr'><strong>vigente</strong></span> <span class='ocrx_word' id='word_1_337' title='bbox 725 4197 816 4256; x_wconf 86' lang='lat' dir='ltr'><strong>libros</strong></span> <span class='ocrx_word' id='word_1_338' title='bbox 832 4194 990 4255; x_wconf 89' lang='lat' dir='ltr'><strong>ediderunt</strong></span> <span class='ocrx_word' id='word_1_339' title='bbox 1004 4202 1093 4255; x_wconf 59' lang='lat' dir='ltr'><strong>suos:</strong></span> <span class='ocrx_word' id='word_1_340' title='bbox 1126 4192 1249 4274; x_wconf 76' lang='lat' dir='ltr'><strong>Lydum</strong></span> 
     </span>
     <span class='ocr_line' id='line_1_39' title="bbox 148 4293 1248 4381; baseline -0.002 -24"><span class='ocrx_word' id='word_1_341' title='bbox 148 4307 266 4375; x_wconf 86' lang='lat' dir='ltr'><strong>autem,</strong></span> <span class='ocrx_word' id='word_1_342' title='bbox 288 4297 467 4360; x_wconf 72' lang='lat' dir='ltr'><strong>oblitiostun</strong></span> <span class='ocrx_word' id='word_1_343' title='bbox 489 4316 525 4358; x_wconf 89' lang='lat' dir='ltr'><strong>ac</strong></span> <span class='ocrx_word' id='word_1_344' title='bbox 546 4295 736 4381; x_wconf 85' lang='lat' dir='ltr'><strong>desperatum</strong></span> <span class='ocrx_word' id='word_1_345' title='bbox 754 4317 875 4378; x_wconf 87' lang='lat' dir='ltr'><strong>senem,</strong></span> <span class='ocrx_word' id='word_1_346' title='bbox 896 4298 994 4360; x_wconf 79' lang='lat' dir='ltr'><strong>fateor</strong></span> <span class='ocrx_word' id='word_1_347' title='bbox 1007 4299 1121 4380; x_wconf 85' lang='lat' dir='ltr'><strong>passim</strong></span> <span class='ocrx_word' id='word_1_348' title='bbox 1138 4315 1175 4356; x_wconf 91' lang='lat' dir='ltr'><strong>ea</strong></span> <span class='ocrx_word' id='word_1_349' title='bbox 1190 4293 1248 4356; x_wconf 85' lang='lat' dir='ltr'><strong>ad-</strong></span> 
     </span>
    </p>
   </div>
   <div class='ocr_carea' id='block_1_3' title="bbox 0 0 1376 4642">
    <p class='ocr_par' dir='ltr' id='par_1_3' title="bbox 0 0 1376 4642">
     <span class='ocr_line' id='line_1_40' title="bbox 0 0 1376 4642; baseline 0 5"><span class='ocrx_word' id='word_1_350' title='bbox 0 0 1376 4642; x_wconf 95' lang='lat' dir='ltr'><strong> </strong></span> 
     </span>
    </p>
   </div>
  </div>
 </body>
</html>
