2742 4642
484 303 827 375 COMMENTARIUS.
1125 327 1203 377 xm

101 510 190 573 euim
211 505 313 570 modis
335 507 490 585 sentitur,
519 504 637 569 Hnrlss.
650 506 731 565 Bibl.
748 509 800 569 (ir.
818 509 880 570 vol
893 511 914 573 2
929 529 962 589 Ρ.
979 506 1052 588 130)
1070 510 1203 572 asrmins

101 613 296 674 nobilissimo
309 613 343 670 in
356 611 496 669 Nemesin
509 618 589 685 sunt,
609 608 643 667 iu
657 607 723 668 eod.
734 613 810 691 Reg.
826 612 917 686 2582,
941 613 1011 672 olim
1024 611 1118 688 3221,
1132 633 1202 672 eum

101 713 268 776 modorum
277 715 461 773 musicorum
472 713 566 791 signis
580 721 727 771 exstante.
748 723 846 773 totum
860 724 961 773 entem
975 712 1033 774 hoo
1046 716 1204 796 fragmen·

102 829 174 878 tum
191 818 349 877 sBoirino
368 816 427 874 sibi
448 816 701 873 communicatum
720 816 859 874 Burettus
883 817 966 875 Actis
989 819 1083 877 Paris.
1106 817 1205 880 suad.

102 922 246 1000 hsofipt.
259 929 282 979 t.
299 919 339 995 5,
360 919 456 976 Paris.
476 919 571 992 1729,
598 913 634 991 4,
662 936 696 996 Ρ.
713 919 787 992 189,
816 937 833 975 e
850 915 916 976 eod.
933 921 1012 982 1630
1028 921 1115 1001 quale
1132 932 1202 981 onte
1242 928 1247 947 ¹

103 1024 278 1083 remilimus
292 1020 353 1080 tole
366 1019 514 1096 vulgavit,
534 1019 594 1086 nisi
608 1015 689 1098 quod
703 1037 757 1097 pro
775 1012 854 1081 οὕτω
867 1041 932 1093 πως
945 1020 1020 1098 legit
1035 1024 1085 1082 vsl
1102 1042 1203 1083 eorre-

103 1127 155 1185 xit
169 1118 250 1188 odra
264 1144 334 1186 aon.
376 1119 469 1202 idque
485 1121 702 1199 fragmentum,
730 1119 860 1180 simodo
878 1122 950 1197 fuit,
983 1124 1015 1181 in
1030 1135 1114 1203 parte
1129 1145 1202 1206 per.

106 1225 172 1286 dite
189 1225 261 1284 libri
281 1222 319 1283 ds
332 1224 555 1304 Magistrutibns
573 1223 666 1284 fuisse
681 1241 804 1285 neeesse
825 1234 885 1285 est:
912 1234 991 1285 certe
1011 1226 1045 1284 in
1058 1222 1107 1287 his
1123 1246 1201 1310 ques

104 1326 199 1391 hodie
213 1335 333 1386 exstant
350 1346 411 1386 non
423 1329 583 1386 invenitur.

191 1429 240 1491 Ad
254 1428 331 1491 hsee
338 1432 431 1509 igitur
440 1439 556 1509 septem
568 1440 632 1488 tem
640 1426 786 1491 disiunote
796 1429 1203 1511 tumqnelsoersirsgments
1223 1432 1266 1496 22

108 1535 218 1599 renatis
228 1534 324 1591 literis
338 1533 470 1612 quinque
482 1533 673 1609 potissimum
686 1531 796 1592 eruditi
815 1533 873 1590 viri
891 1550 927 1590 eo
943 1534 1066 1593 oonsilio
1079 1543 1115 1593 ut
1128 1532 1203 1594 ede-

109 1646 176 1696 rsnt
190 1637 263 1717 (non
284 1633 392 1715 loquor
408 1630 446 1692 de
467 1652 528 1693 nno
547 1636 599 1717 qui
610 1644 725 1694 vertere
737 1632 846 1711 voluit)
860 1644 1057 1694 aperuerunt.
1098 1637 1203 1697 nullus

108 1748 211 1798 nmen
229 1735 269 1796 sd
283 1738 386 1796 omnis
399 1736 571 1812 ooninnets,
593 1735 722 1796 rediere
735 1735 775 1796 ed
788 1737 907 1816 singula
920 1737 1044 1816 singuli.
1085 1740 1201 1818 primns
1215 1754 1245 1811 Ρ.
1261 1752 1281 1793 r.

106 1843 235 1901 loannes
250 1839 414 1913 Meursius,
444 1846 478 1896 nt
495 1848 558 1897 eret
574 1836 794 1899 reconditarum
806 1840 960 1899 literarum
973 1850 1103 1916 uruntur,
1131 1852 1201 1901 ente

106 1961 137 2003 a.
153 1945 235 2006 1612
249 1926 469 2019 Heidelbergse
484 1958 525 1999 ex
541 1938 607 2001 eod.
621 1943 759 2003 Palatino
773 1944 836 2008 812
854 1940 1010 2022 descripsit
1022 1940 1136 2021 Nigidii
1146 1945 1201 2003 ri·

106 2044 172 2126 guli
185 2038 425 2125 ephemeridem,
448 2038 485 2100 de
500 2061 560 2123 que
571 2043 708 2123 superius
722 2040 797 2102 dixi
825 2063 932 2104 rerum
946 2063 1015 2104 anm
1028 2045 1096 2105 altis
1110 2045 1201 2106 rebus

106 2142 344 2222 abstraheretur,
371 2143 530 2203 eonsilium
554 2145 618 2204 eius
639 2141 773 2203 edendus
794 2145 919 2222 obiecit,
949 2147 1041 2227 inque
1060 2150 1141 2210 notis
1159 2146 1202 2208 sd

104 2249 218 2310 neonis
232 2248 356 2308 Tertius
378 2244 491 2327 (Lugd.
514 2248 618 2307 Butes.
638 2247 737 2322 1612,
760 2244 797 2323 4,
818 2267 850 2328 Ρ.
865 2245 942 2329 447)
961 2250 1006 2308 its
1025 2249 1083 2308 aits
1110 2249 1202 2309 01ιωί

106 2349 202 2411 codex
218 2347 269 2406 his
289 2348 361 2406 citat
380 2348 471 2405 stium
490 2347 615 2407 Ioannis
628 2346 713 2426 Ιςμὶί
730 2348 878 2407 Diumum
887 2362 1132 2432 monstrumque
1145 2353 1203 2412 oh·

105 2452 317 2515 servationem.
359 2449 505 2530 intelligit
524 2469 592 2507 vero
611 2469 643 2507 eo
662 2451 927 2532 naminsNigrdsi
944 2453 1052 2533 figuli
1069 2454 1107 2513 de
1122 2457 1202 2515 iani-

106 2567 281 2633 arrumper
298 2552 434 2633 singulm
454 2571 567 2613 memes
586 2552 690 2611 etdiss
708 2552 927 2632 rigrrsfisatione
946 2553 1079 2628 librum,
1111 2577 1201 2637 quera

104 2657 214 2737 lydia
227 2656 279 2715 lie
291 2676 308 2714 e
320 2656 437 2715 ὶαείηα
452 2654 560 2735 lingua
575 2656 609 2713 in
623 2654 774 2713 Graecam
785 2655 948 2715 haustula.
994 2669 1089 2717 exem
1100 2661 1201 2738 ipsum

104 2780 182 2838 opus
193 2759 227 2817 in
240 2756 421 2817 bibliotheca
436 2756 602 2828 Palatina,
629 2754 684 2815 ubi
697 2777 752 2816 nos
766 2767 837 2815 ante
851 2758 1109 2838 quinquennium,
1130 2783 1201 2821 ersus

103 2861 171 2921 illio
188 2881 347 2942 ageremus
361 2864 439 2920 inter
451 2860 723 2943 peregrinandum,
749 2858 973 2937 descripsimus,
1005 2874 1034 2920 st
1053 2864 1200 2924 edendum

103 2965 242 3027 dedsirsm
256 2969 329 3025 leno
342 2965 517 3043 Rntgersio,
536 2963 791 3043 praestantissimi
804 2963 921 3042 ingenii
934 2973 962 3019 ss
977 2965 1143 3025 multam
1160 2966 1202 3025 li.

104 3079 239 3129 warum
252 3068 365 3128 sevus.
409 3084 508 3147 neque
532 3062 584 3123 diu
602 3074 671 3145 post
688 3066 879 3143 Rntgersins,
908 3067 965 3124 etsi
988 3076 1051 3124 erut
1069 3067 1200 3147 publicis

103 3173 235 3252 negotiis
249 3169 489 3244 distentissimus,
513 3163 637 3226 aeditus
650 3184 669 3223 n
681 3167 812 3226 Meursio
827 3165 886 3226 sibi
900 3177 1000 3246 partes
1014 3169 1087 3248 ogit.
1109 3189 1201 3230 um.

104 3292 164 3356 que
176 3276 211 3332 in
224 3274 316 3333 libros
330 3292 385 3333 sex
397 3273 554 3334 Varisrrnn
564 3269 743 3344 lectionum,
772 3265 912 3347 Lugdun.
925 3270 1030 3329 Butes.
1047 3274 1145 3349 1618,
1167 3271 1199 3350 4,

103 3373 211 3452 editos,
233 3376 425 3458 Gustnvoque
441 3375 526 3433 elteri
542 3372 707 3432 Succorum
720 3371 784 3449 regi
802 3366 881 3449 (hoe
894 3380 940 3429 est
955 3372 1086 3433 Gustnvo
1100 3373 1200 3434 Adol-

101 3474 165 3558 pho
178 3478 225 3536 illi
241 3479 294 3559 qui
309 3497 337 3536 e.
354 3481 436 3541 1632
449 3478 480 3534 in
494 3475 653 3533 Germanis
664 3472 814 3552 praehens
826 3490 985 3551 oppressus
1001 3485 1055 3551 est,
1074 3477 1122 3534 ani
1136 3486 1199 3536 erat

102 3597 122 3638 s
145 3580 279 3641 consiliis
300 3576 490 3658 Rutgersius)
514 3578 689 3655 inscriptos,
720 3583 816 3633 toturn
837 3573 952 3654 Nigidii
974 3575 1200 3657 ephemeridem

101 3700 135 3761 p·
149 3680 331 3748 247-260
347 3681 470 3755 rettulit,
493 3680 692 3737 eMeursisno
706 3674 879 3756 apographo
894 3696 1078 3757 expressum.
1101 3698 1200 3762 qnan-

102 3802 197 3866 quum
213 3803 313 3865 neque
332 3786 365 3843 in
386 3785 452 3862 ipso
475 3800 564 3859 opere
583 3798 680 3861 neque
699 3780 732 3836 in
745 3778 823 3837 libro
838 3776 876 3837 de
893 3781 955 3840 sits
968 3801 1023 3841 sus
1038 3778 1197 3863 (Lugdun.
1216 3814 1247 3871 p,
1265 3814 1296 3854 u

101 3887 209 3945 Butsv.
231 3886 331 3963 1646,
358 3886 399 3964 4)
421 3882 500 3944 unde
522 3878 747 3964 ephemeridem
769 3901 837 3941 enm
858 3884 1019 3963 sumpserit
1042 3879 1198 3942 indicavit.

99 3988 309 4047 Menrsisnum
323 3997 425 4046 sutem
438 3983 643 4066 apographum
663 3981 742 4041 nihil
753 3986 853 4043 minus
867 3983 985 4043 videtur
997 3983 1090 4041 fnisse
1104 4002 1198 4063 quum

101 4089 306 4149 emendatum.
348 4109 420 4149 uem
434 4091 584 4169 liutgersii
605 4098 684 4147 certe
704 4096 805 4146 textns
823 4088 987 4145 innumeris
1004 4084 1135 4163 repletus
1150 4096 1196 4143 est

100 4190 262 4250 erroribus.
304 4194 406 4252 stsfim
420 4194 457 4251 ab
478 4194 563 4252 initio
577 4212 609 4272 Ρ.
626 4190 689 4257 247
705 4191 759 4249 lin.
779 4195 793 4254 1
813 4210 868 4269 pro
884 4187 933 4252 tul
948 4181 1047 4266 πάσης
1061 4187 1195 4246 seriben'-

101 4290 176 4353 dum
190 4302 246 4372 est,
266 4290 319 4358 tut
333 4289 454 4372 πάσαις.
494 4298 549 4355 lin.
562 4294 583 4357 3
595 4295 706 4374 legitur
716 4287 774 4373 τήν
787 4287 917 4373 σελήνην
931 4284 1016 4356 οἷκον
1030 4287 1192 4367 insidiato:
