2742 4642
452 296 799 369 concinnamus.
905 378 908 383 Α
1076 317 1179 366 mex
1213 394 1219 404 x

70 500 149 578 tius,
181 494 264 563 ndtil
285 492 475 579 splendidius
498 498 537 573 ab
558 500 624 563 ullo
644 502 834 581 superiorum
849 500 1040 575 saeculorum
1054 517 1126 580 rege
1144 502 1178 559 iu

69 588 250 665 mennam
270 604 384 665 artium
395 599 594 687 pommcdnm
615 603 786 682 institutum
804 615 859 664 est.
911 606 953 663 ita
967 623 1037 663 cum
1055 605 1177 664 essetiu

69 709 211 769 mammo
226 707 355 784 imperio
370 724 513 765 summus.
522 707 633 791 artium
651 715 682 764 et
695 708 793 765 omnis
808 704 1003 769 humanitatis
1019 705 1130 765 arbiter
1145 715 1176 766 et

71 809 163 890 qussi
179 816 361 887 procurator.
376 806 545 870 excitandis
567 828 602 869 ac
626 807 829 889 propagandis
849 807 957 869 studiis
981 810 1112 886 electus,
1142 810 1176 867 iu

71 910 259 973 nobilissimi
271 911 406 971 muuerir
418 912 611 993 occupatione
631 909 712 970 nihil
732 913 876 991 temporis
899 913 1049 993 reliquum
1069 909 1176 969 habuit

72 1008 268 1096 quodlaydo
290 1008 496 1091 impenderet,
536 1033 718 1095 omnemque
739 1015 839 1094 potius
862 1024 997 1074 mentem
1016 1016 1177 1094 cogitatio·

71 1135 146 1177 uem
162 1133 287 1195 operam
300 1111 444 1191 adhibere
461 1100 568 1195 uoluit,
592 1127 626 1176 ut
640 1127 760 1196 gratum
772 1118 917 1192 animum,
936 1116 1058 1197 qualem
1071 1128 1177 1198 postea

71 1217 283 1281 inluculentis
297 1217 511 1299 scriptisapud
524 1221 730 1300 posteritatem
746 1218 899 1299 professus
915 1229 978 1295 est,
1006 1220 1100 1278 talem
1115 1221 1177 1278 iam
1193 1240 1222 1296 p.
1235 1236 1295 1277 cxv

73 1331 148 1385 tunc
169 1322 208 1385 in
226 1322 296 1402 ipsa
314 1321 449 1383 muueris
468 1322 603 1399 gestione
624 1331 797 1406 praesentes
822 1332 944 1403 possent
964 1317 1104 1383 homiues
1125 1324 1176 1382 iu-

72 1425 166 1487 ueri.

160 1522 424 1607 pompandam,
453 1544 523 1587 oum
535 1536 614 1591 esset
627 1526 741 1606 patriae
754 1535 784 1586 et
797 1526 912 1586 Gallico
929 1526 993 1586 solo
1010 1527 1173 1603 restitutus,
1193 1522 1237 1586 80

72 1626 159 1710 Lydi
175 1626 287 1688 diutim
301 1627 434 1707 neglecti
448 1630 542 1689 serior
557 1648 628 1693 cura
641 1616 778 1691 animum
795 1630 896 1690 subire
912 1630 1020 1709 coepit.
1063 1630 1177 1688 etenim

72 1740 219 1795 exoratu
232 1729 269 1791 ab
287 1749 324 1791 eo
337 1727 430 1789 homo
449 1729 640 1795 doctissimus
657 1731 783 1794 Villciso
804 1733 838 1791 iu
859 1750 891 1795 se
907 1742 1078 1814 smoeperat
1088 1741 1123 1791 ut
1137 1729 1178 1790 ad

73 1831 212 1892 codicem
230 1832 360 1895 feliciter
379 1836 537 1893 incentum
559 1833 678 1893 felicius
698 1831 851 1896 edendum
868 1854 982 1896 nomeu
997 1846 1027 1894 et
1042 1835 1177 1915 euspicio

71 1936 243 2015 praeberet.
286 1932 341 1995 sed
352 1936 531 2017 priusquam
546 1955 617 1994 eum
631 1937 713 1996 forae
731 1932 833 2013 deret,
862 1933 1094 2016 descriptionem
1108 1936 1176 1996 Vil-

72 2037 152 2096 loiso
170 2038 221 2097 sui
241 2056 296 2117 per
309 2038 467 2097 Graeciam
487 2040 603 2099 itineris
622 2036 838 2121 perficiendam
861 2039 920 2097 sibi
945 2034 1050 2114 duxit,
1083 2057 1176 2119 quam

72 2139 189 2219 publici
209 2140 284 2199 iuris
307 2141 458 2200 factumm
480 2160 546 2200 sese
567 2161 637 2201 omn
661 2159 752 2220 saepe
771 2139 844 2198 alibi
865 2138 1082 2220 spoponderat,
1111 2151 1177 2200 tum

72 2244 214 2300 maxime
234 2243 444 2325 Prolegomeu.
463 2241 504 2303 ad
523 2242 612 2302 iliad.
632 2260 753 2325 p.c1r;
790 2239 888 2324 adque
906 2260 975 2301 eam
997 2260 1061 2301 rem
1074 2243 1177 2300 omnia

73 2345 205 2405 consilia
228 2353 316 2425 atque
338 2342 438 2405 studia
460 2343 571 2403 referre
594 2363 650 2403 sua
671 2346 779 2424 ooepit.
822 2352 966 2403 statuerat
988 2353 1089 2403 autem
1105 2353 1177 2401 tuuc

73 2444 211 2526 denique
232 2466 267 2505 ec
282 2444 409 2526 prodere
431 2464 509 2528 quae
527 2447 560 2504 iu
575 2449 688 2505 receuti
701 2447 827 2507 Graecia
843 2464 1059 2527 usquequaque
1072 2446 1177 2505 obser-

74 2558 187 2624 resset,
210 2567 280 2606 cum
292 2549 351 2607 iter
367 2548 543 2611 confecisset
558 2549 590 2606 iu
608 2558 751 2624 veterem,
772 2545 831 2607 hoc
846 2559 892 2607 est
907 2548 1012 2623 (rerba
1026 2549 1091 2627 ipsc
1105 2558 1176 2607 sunt

75 2653 251 2714 Villoisonis
271 2652 482 2731 Prolegomeu·
497 2650 520 2709 l.
537 2648 618 2730 cit),
650 2671 719 2710 cum
739 2662 875 2711 auctores
889 2651 1012 2711 Latinos
1029 2652 1176 2709 Graecos-

73 2774 135 2837 que
150 2754 287 2833 singulos
301 2774 318 2812 e
332 2756 430 2835 capite
448 2750 486 2812 ad
501 2753 614 2811 calcem
627 2754 814 2834 perlegisset,
829 2772 967 2836 quaeque
983 2751 1020 2812 de
1035 2753 1176 2814 omuibus

74 2859 166 2918 rebus
177 2855 218 2916 ad
228 2857 388 2915 Graeciam
396 2855 569 2935 Aegaeique
582 2858 675 2915 maris
689 2857 803 2916 insulas
820 2854 1090 2938 quomodocunque
1105 2874 1176 2934 per·

75 2959 242 3020 tinentibus
253 2959 382 3040 quisque
397 2959 527 3037 scripsit,
542 2976 578 3015 ea
594 2961 802 3038 excerpsisseq
825 2961 995 3041 referreque
1012 2977 1047 3017 ac
1062 2956 1176 3016 discer-

52 3083 147 3122 ·uere
160 3071 192 3121 et
207 3081 278 3121 cum
293 3062 331 3119 iis
346 3078 423 3141 quae
436 3061 502 3138 ipse
519 3056 642 3119 vidisset
660 3061 795 3121 conferre
809 3073 921 3143 posset.
948 3078 1093 3138 maguum
1103 3076 1175 3118 seue

74 3177 105 3226 et
117 3164 286 3244 singulare,
310 3160 494 3241 dignumque
510 3162 564 3219 tali
578 3163 641 3221 viro
655 3166 824 3241 consilium,
844 3175 884 3241 et,
906 3166 932 3223 si
946 3162 1048 3244 pertici
1058 3162 1175 3241 potuis-
1192 3179 1221 3234 p·
1235 3171 1306 3212 navt

75 3279 138 3343 set,
168 3268 205 3324 in
222 3267 329 3346 primis
347 3267 422 3325 utile
444 3263 586 3324 doctrinis
595 3267 726 3327 uostris.
768 3267 825 3327 sed
849 3270 916 3350 quis
932 3266 1028 3325 nescit
1046 3283 1073 3322 a.
1093 3263 1176 3327 1789

73 3370 232 3451 publicam
254 3387 319 3428 rem
334 3369 477 3427 Franciae
497 3369 529 3426 iu
552 3363 693 3426 homiues
706 3368 847 3430 incidisse
872 3389 933 3428 non
953 3378 1019 3428 tam
1038 3385 1175 3427 commu-

75 3470 238 3532 tandarum
253 3490 353 3531 rerum
369 3488 463 3550 quam
477 3467 706 3528 evertendarum
721 3468 868 3553 cupidosi
889 3481 1018 3552 surrtque
1035 3471 1175 3528 continuo

76 3585 215 3655 tempora
238 3572 345 3631 acerba
370 3582 460 3653 atque
483 3571 660 3653 gladiatoria
683 3573 737 3629 illa
758 3581 931 3646 consecuta,
978 3570 1087 3651 quibus
1108 3587 1177 3627 oum

76 3697 184 3737 omues
200 3677 305 3735 literae
320 3678 534 3749 conticuerunt,
556 3685 623 3733 turn
637 3677 771 3732 maximo
784 3673 1028 3748 Villoisouiauae,
1045 3673 1176 3729 Graecae

75 3781 242 3841 scilicetne
257 3776 470 3858 philologicae.
512 3779 614 3859 itaque
634 3773 726 3836 huius
748 3777 851 3855 magui
872 3777 987 3833 itineris
1006 3793 1067 3832 uou
1086 3768 1176 3830 modo

76 3881 156 3942 nihil
172 3878 273 3956 edere,
287 3880 342 3941 sed
355 3903 455 3964 neque
468 3881 630 3939 leotiouem
640 3881 737 3954 illurn,
752 3898 813 3961 qua
828 3874 1073 3957 adscriptionem
1087 3893 1177 3953 prae·

76 4003 184 4064 parare
200 3985 380 4060 sevolebct,
412 3984 584 4057 absolvere,
616 3980 731 4042 nedum
751 3979 788 4039 de
802 3976 888 4061 Lydo
905 3980 1054 4057 cogitare,
1085 3976 1176 4035 variis

77 4087 198 4147 casibus
209 4106 369 4164 percussus
381 4088 488 4166 potuit.
529 4104 628 4165 neque
645 4084 759 4163 magis,
788 4102 857 4140 cum
878 4090 1052 4160 recuperata
1074 4098 1107 4138 re
1121 4098 1180 4159 pu-

78 4189 158 4248 blica
177 4191 341 4269 respirasse
355 4185 493 4248 homiues
506 4189 562 4247 visi
575 4198 661 4264 eunt,
691 4187 738 4244 illi
761 4183 885 4267 quidem
899 4184 984 4241 licuit
996 4183 1115 4269 placato
1131 4201 1180 4239 re-

78 4312 146 4353 rum
160 4302 243 4353 statu
254 4290 307 4351 diu
321 4293 391 4353 frui.
435 4292 547 4351 etenim
560 4308 587 4350 n.
606 4287 685 4356 1805
701 4307 729 4350 a.
744 4286 775 4350 d.
790 4289 811 4353 6
824 4285 893 4349 Kal.
907 4287 980 4347 nu.
993 4302 1105 4366 paucos
1115 4289 1183 4363 post
