<?xml version="1.0" encoding="UTF-8"?>
<!DOCTYPE html PUBLIC "-//W3C//DTD XHTML 1.0 Transitional//EN"
    "http://www.w3.org/TR/xhtml1/DTD/xhtml1-transitional.dtd">
<html xmlns="http://www.w3.org/1999/xhtml" xml:lang="en" lang="en">
 <head>
  <title>
</title>
<meta http-equiv="Content-Type" content="text/html;charset=utf-8" />
  <meta name='ocr-system' content='tesseract 3.04.00' />
  <meta name='ocr-capabilities' content='ocr_page ocr_carea ocr_par ocr_line ocrx_word'/>
</head>
<body>
  <div class='ocr_page' id='page_1' title='image "./ioanneslydus00lydogoog_0035.png"; bbox 0 0 2742 4642; ppageno 0'>
   <div class='ocr_carea' id='block_1_1' title="bbox 442 322 1169 400">
    <p class='ocr_par' dir='ltr' id='par_1_1' title="bbox 442 322 1169 400">
     <span class='ocr_line' id='line_1_1' title="bbox 442 322 1169 400; baseline 0.007 -5"><span class='ocrx_word' id='word_1_1' title='bbox 442 322 787 399; x_wconf 67' lang='lat' dir='ltr'><strong>commuuimus</strong></span> <span class='ocrx_word' id='word_1_2' title='bbox 1109 351 1169 400; x_wconf 87' lang='lat' dir='ltr'><strong>m</strong></span> 
     </span>
    </p>
   </div>
   <div class='ocr_carea' id='block_1_2' title="bbox 55 519 1166 1022">
    <p class='ocr_par' dir='ltr' id='par_1_2' title="bbox 55 519 1166 1022">
     <span class='ocr_line' id='line_1_2' title="bbox 55 519 1166 616; baseline 0.005 -27"><span class='ocrx_word' id='word_1_3' title='bbox 55 519 120 610; x_wconf 67' lang='grc' dir='ltr'><strong>ἔμ’</strong></span> <span class='ocrx_word' id='word_1_4' title='bbox 137 521 236 590; x_wconf 69' lang='lat' dir='ltr'><strong>mov</strong></span> <span class='ocrx_word' id='word_1_5' title='bbox 253 519 311 607; x_wconf 65' lang='lat' dir='ltr'><strong>pie</strong></span> <span class='ocrx_word' id='word_1_6' title='bbox 327 519 386 609; x_wconf 65' lang='grc' dir='ltr'><strong>την</strong></span> <span class='ocrx_word' id='word_1_7' title='bbox 405 520 546 611; x_wconf 73' lang='grc' dir='ltr'><strong><em>Νιόβην,</em></strong></span> <span class='ocrx_word' id='word_1_8' title='bbox 565 522 610 611; x_wconf 75' lang='lat' dir='ltr'><strong>ped</strong></span> <span class='ocrx_word' id='word_1_9' title='bbox 629 524 702 604; x_wconf 69' lang='lat' dir='ltr'><strong>rode</strong></span> <span class='ocrx_word' id='word_1_10' title='bbox 716 521 827 607; x_wconf 69' lang='grc' dir='ltr'><strong><em>θεούς,</em></strong></span> <span class='ocrx_word' id='word_1_11' title='bbox 848 521 993 594; x_wconf 75' lang='lat' dir='ltr'><strong>adttcou</strong></span> <span class='ocrx_word' id='word_1_12' title='bbox 1008 526 1166 616; x_wconf 68' lang='grc' dir='ltr'><strong><em>ἐκείσθην,</em></strong></span> 
     </span>
     <span class='ocr_line' id='line_1_3' title="bbox 57 622 1166 714; baseline 0.003 -20"><span class='ocrx_word' id='word_1_13' title='bbox 57 622 135 694; x_wconf 71' lang='lat' dir='ltr'><strong>ouidi</strong></span> <span class='ocrx_word' id='word_1_14' title='bbox 156 630 221 693; x_wconf 72' lang='grc' dir='ltr'><strong>νῦν</strong></span> <span class='ocrx_word' id='word_1_15' title='bbox 238 629 403 711; x_wconf 63' lang='lat' dir='ltr'><strong>catomo,</strong></span> <span class='ocrx_word' id='word_1_16' title='bbox 430 626 474 704; x_wconf 68' lang='lat' dir='ltr'><strong>dr</strong></span> <span class='ocrx_word' id='word_1_17' title='bbox 494 625 582 696; x_wconf 75' lang='grc' dir='ltr'><strong><em>τοῦτ’</em></strong></span> <span class='ocrx_word' id='word_1_18' title='bbox 604 630 719 714; x_wconf 69' lang='grc' dir='ltr'><strong><em>ἐγένετο</em></strong></span> <span class='ocrx_word' id='word_1_19' title='bbox 749 629 816 710; x_wconf 87' lang='lat' dir='ltr'><strong>[bic</strong></span> <span class='ocrx_word' id='word_1_20' title='bbox 836 651 996 714; x_wconf 77' lang='lat' dir='ltr'>perperam</span> <span class='ocrx_word' id='word_1_21' title='bbox 1018 633 1166 697; x_wconf 79' lang='lat' dir='ltr'><strong>iterantur</strong></span> 
     </span>
     <span class='ocr_line' id='line_1_4' title="bbox 56 724 1166 817; baseline 0.008 -24"><span class='ocrx_word' id='word_1_22' title='bbox 56 731 174 808; x_wconf 81' lang='lat' dir='ltr'><strong>rerba,</strong></span> <span class='ocrx_word' id='word_1_23' title='bbox 194 729 250 796; x_wconf 81' lang='lat' dir='ltr'><strong>sei</strong></span> <span class='ocrx_word' id='word_1_24' title='bbox 267 724 365 813; x_wconf 68' lang='grc' dir='ltr'><strong><em>κήδεα</em></strong></span> <span class='ocrx_word' id='word_1_25' title='bbox 381 728 501 814; x_wconf 55' lang='lat' dir='ltr'><strong>deur]</strong></span> <span class='ocrx_word' id='word_1_26' title='bbox 524 727 593 797; x_wconf 71' lang='lat' dir='ltr'><strong>a’tt’</strong></span> <span class='ocrx_word' id='word_1_27' title='bbox 604 730 667 799; x_wconf 72' lang='lat' dir='ltr'><strong>ont</strong></span> <span class='ocrx_word' id='word_1_28' title='bbox 679 737 741 797; x_wconf 78' lang='lat' dir='ltr'><strong>soie</strong></span> <span class='ocrx_word' id='word_1_29' title='bbox 752 739 857 799; x_wconf 76' lang='grc' dir='ltr'><strong><em>κακοῖν</em></strong></span> <span class='ocrx_word' id='word_1_30' title='bbox 869 740 931 799; x_wconf 76' lang='grc' dir='ltr'><strong><em>τοῖν</em></strong></span> <span class='ocrx_word' id='word_1_31' title='bbox 949 732 1166 817; x_wconf 71' lang='grc' dir='ltr'><strong><em>συμπεσόντων</em></strong></span> 
     </span>
     <span class='ocr_line' id='line_1_5' title="bbox 56 829 1164 920; baseline 0.005 -22"><span class='ocrx_word' id='word_1_32' title='bbox 56 833 110 898; x_wconf 76' lang='lat' dir='ltr'><strong>sei</strong></span> <span class='ocrx_word' id='word_1_33' title='bbox 129 838 191 899; x_wconf 76' lang='grc' dir='ltr'><strong>τοῦ</strong></span> <span class='ocrx_word' id='word_1_34' title='bbox 209 829 383 916; x_wconf 76' lang='grc' dir='ltr'><strong><em>σομβιῖνιος</em></strong></span> <span class='ocrx_word' id='word_1_35' title='bbox 398 830 525 912; x_wconf 69' lang='grc' dir='ltr'><strong><em>πάθους</em></strong></span> <span class='ocrx_word' id='word_1_36' title='bbox 544 829 616 900; x_wconf 72' lang='lat' dir='ltr'><strong>citt</strong></span> <span class='ocrx_word' id='word_1_37' title='bbox 635 841 762 918; x_wconf 74' lang='grc' dir='ltr'><strong><em>λαλῆσαι</em></strong></span> <span class='ocrx_word' id='word_1_38' title='bbox 780 835 933 919; x_wconf 61' lang='lat' dir='ltr'><strong>decursim</strong></span> <span class='ocrx_word' id='word_1_39' title='bbox 947 834 1024 920; x_wconf 70' lang='grc' dir='ltr'><strong><em>προς</em></strong></span> <span class='ocrx_word' id='word_1_40' title='bbox 1041 833 1164 920; x_wconf 78' lang='grc' dir='ltr'><strong><em>ον’δὲνο,</em></strong></span> 
     </span>
     <span class='ocr_line' id='line_1_6' title="bbox 55 930 1164 1022; baseline 0.004 -21"><span class='ocrx_word' id='word_1_41' title='bbox 55 930 297 1020; x_wconf 67' lang='grc' dir='ltr'><strong><em>πηοωῃοηεύθη</em></strong></span> <span class='ocrx_word' id='word_1_42' title='bbox 322 932 375 1002; x_wconf 64' lang='lat' dir='ltr'><strong>tert</strong></span> <span class='ocrx_word' id='word_1_43' title='bbox 397 930 433 1002; x_wconf 79' lang='lat' dir='ltr'><strong>sd</strong></span> <span class='ocrx_word' id='word_1_44' title='bbox 455 934 498 1022; x_wconf 66' lang='lat' dir='ltr'><strong>ped</strong></span> <span class='ocrx_word' id='word_1_45' title='bbox 518 944 634 1019; x_wconf 75' lang='lat' dir='ltr'><strong>poesie</strong></span> <span class='ocrx_word' id='word_1_46' title='bbox 653 940 752 1014; x_wconf 74' lang='grc' dir='ltr'><strong><em>λίθος.</em></strong></span> <span class='ocrx_word' id='word_1_47' title='bbox 795 936 813 1005; x_wconf 86' lang='lat' dir='ltr'><strong>d</strong></span> <span class='ocrx_word' id='word_1_48' title='bbox 834 936 868 1003; x_wconf 74' lang='lat' dir='ltr'><strong>di</strong></span> <span class='ocrx_word' id='word_1_49' title='bbox 887 935 994 1017; x_wconf 75' lang='grc' dir='ltr'><strong><em>Λυδός</em></strong></span> <span class='ocrx_word' id='word_1_50' title='bbox 1007 958 1102 1022; x_wconf 85' lang='grc' dir='ltr'><strong><em>φησιν</em></strong></span> <span class='ocrx_word' id='word_1_51' title='bbox 1115 936 1164 1007; x_wconf 76' lang='grc' dir='ltr'><strong>ὅτι</strong></span> 
     </span>
    </p>
   </div>
   <div class='ocr_carea' id='block_1_3' title="bbox 53 1030 1292 4390">
    <p class='ocr_par' dir='ltr' id='par_1_3' title="bbox 53 1030 1218 2146">
     <span class='ocr_line' id='line_1_7' title="bbox 54 1030 1164 1122; baseline 0.004 -19"><span class='ocrx_word' id='word_1_52' title='bbox 54 1030 226 1121; x_wconf 57' lang='lat' dir='ltr'><strong>’sionibus</strong></span> <span class='ocrx_word' id='word_1_53' title='bbox 239 1037 381 1122; x_wconf 68' lang='grc' dir='ltr'><strong><em>ἐρεισθεὶς</em></strong></span> <span class='ocrx_word' id='word_1_54' title='bbox 392 1033 506 1122; x_wconf 70' lang='grc' dir='ltr'><strong><em>αὐτῆς,</em></strong></span> <span class='ocrx_word' id='word_1_55' title='bbox 522 1036 565 1122; x_wconf 74' lang='grc' dir='ltr'><em>μή</em></span> <span class='ocrx_word' id='word_1_56' title='bbox 578 1037 716 1115; x_wconf 75' lang='grc' dir='ltr'><strong><em>πεισθεὶς</em></strong></span> <span class='ocrx_word' id='word_1_57' title='bbox 737 1040 815 1121; x_wconf 74' lang='lat' dir='ltr'><strong>[leg.</strong></span> <span class='ocrx_word' id='word_1_58' title='bbox 828 1042 1022 1122; x_wconf 76' lang='grc' dir='ltr'><strong><em>πεισθείσης]</em></strong></span> <span class='ocrx_word' id='word_1_59' title='bbox 1044 1039 1098 1107; x_wconf 76' lang='grc' dir='ltr'><strong>τον</strong></span> <span class='ocrx_word' id='word_1_60' title='bbox 1115 1039 1164 1108; x_wconf 80' lang='lat' dir='ltr'><strong>ol·</strong></span> 
     </span>
     <span class='ocr_line' id='line_1_8' title="bbox 56 1136 1162 1226; baseline 0.004 -20"><span class='ocrx_word' id='word_1_61' title='bbox 56 1165 116 1206; x_wconf 81' lang='grc' dir='ltr'><strong>νον</strong></span> <span class='ocrx_word' id='word_1_62' title='bbox 134 1140 313 1225; x_wconf 61' lang='grc' dir='ltr'><strong><em>ἐνέπρησεν.</em></strong></span> <span class='ocrx_word' id='word_1_63' title='bbox 354 1139 379 1223; x_wconf 70' lang='grc' dir='ltr'><strong><em>ἦ</em></strong></span> <span class='ocrx_word' id='word_1_64' title='bbox 392 1139 427 1205; x_wconf 75' lang='lat' dir='ltr'><strong>dd</strong></span> <span class='ocrx_word' id='word_1_65' title='bbox 441 1136 597 1224; x_wconf 69' lang='grc' dir='ltr'><strong><em>φεύγουσα</em></strong></span> <span class='ocrx_word' id='word_1_66' title='bbox 611 1139 717 1220; x_wconf 72' lang='grc' dir='ltr'><strong><em>εὔξατο</em></strong></span> <span class='ocrx_word' id='word_1_67' title='bbox 730 1148 924 1226; x_wconf 61' lang='lat' dir='ltr'><strong>ludouvicus,</strong></span> <span class='ocrx_word' id='word_1_68' title='bbox 944 1143 997 1207; x_wconf 78' lang='lat' dir='ltr'><strong>soi</strong></span> <span class='ocrx_word' id='word_1_69' title='bbox 1012 1138 1162 1225; x_wconf 74' lang='grc' dir='ltr'><strong>ἐλιθοὸθη.</strong></span> 
     </span>
     <span class='ocr_line' id='line_1_9' title="bbox 56 1243 1163 1328; baseline 0 -21"><span class='ocrx_word' id='word_1_70' title='bbox 56 1249 154 1307; x_wconf 74' lang='lat' dir='ltr'><strong>istum</strong></span> <span class='ocrx_word' id='word_1_71' title='bbox 171 1243 296 1326; x_wconf 78' lang='lat' dir='ltr'><strong>Lydum</strong></span> <span class='ocrx_word' id='word_1_72' title='bbox 307 1243 434 1305; x_wconf 84' lang='lat' dir='ltr'><strong>Villoisc</strong></span> <span class='ocrx_word' id='word_1_73' title='bbox 445 1246 654 1325; x_wconf 83' lang='lat' dir='ltr'><strong>Prolegomen.</strong></span> <span class='ocrx_word' id='word_1_74' title='bbox 670 1244 711 1306; x_wconf 88' lang='lat' dir='ltr'><strong>ad</strong></span> <span class='ocrx_word' id='word_1_75' title='bbox 724 1244 812 1306; x_wconf 82' lang='lat' dir='ltr'><strong>Iliad.</strong></span> <span class='ocrx_word' id='word_1_76' title='bbox 825 1268 857 1328; x_wconf 88' lang='lat' dir='ltr'><strong>p.</strong></span> <span class='ocrx_word' id='word_1_77' title='bbox 870 1265 947 1307; x_wconf 80' lang='lat' dir='ltr'><strong>xm</strong></span> <span class='ocrx_word' id='word_1_78' title='bbox 958 1255 1023 1307; x_wconf 87' lang='lat' dir='ltr'><strong>not.</strong></span> <span class='ocrx_word' id='word_1_79' title='bbox 1038 1243 1088 1324; x_wconf 90' lang='lat'><strong>(1)</strong></span> <span class='ocrx_word' id='word_1_80' title='bbox 1103 1265 1163 1307; x_wconf 91' lang='lat' dir='ltr'><strong>no·</strong></span> 
     </span>
     <span class='ocr_line' id='line_1_10' title="bbox 55 1343 1162 1432; baseline -0.002 -25"><span class='ocrx_word' id='word_1_81' title='bbox 55 1357 158 1407; x_wconf 84' lang='lat' dir='ltr'><strong>strum</strong></span> <span class='ocrx_word' id='word_1_82' title='bbox 177 1357 282 1428; x_wconf 88' lang='lat' dir='ltr'><strong>putat,</strong></span> <span class='ocrx_word' id='word_1_83' title='bbox 303 1347 499 1428; x_wconf 77' lang='lat' dir='ltr'><strong>probabiliter</strong></span> <span class='ocrx_word' id='word_1_84' title='bbox 516 1366 599 1410; x_wconf 84' lang='lat' dir='ltr'><strong>sane.</strong></span> <span class='ocrx_word' id='word_1_85' title='bbox 642 1349 670 1409; x_wconf 88' lang='lat' dir='ltr'><strong>is</strong></span> <span class='ocrx_word' id='word_1_86' title='bbox 686 1351 769 1409; x_wconf 88' lang='lat' dir='ltr'><strong>enim</strong></span> <span class='ocrx_word' id='word_1_87' title='bbox 783 1347 863 1432; x_wconf 75' lang='lat' dir='ltr'><strong>Iaydi</strong></span> <span class='ocrx_word' id='word_1_88' title='bbox 874 1350 976 1426; x_wconf 88' lang='lat' dir='ltr'><strong>locus,</strong></span> <span class='ocrx_word' id='word_1_89' title='bbox 998 1348 1055 1407; x_wconf 90' lang='lat' dir='ltr'><strong>etsi</strong></span> <span class='ocrx_word' id='word_1_90' title='bbox 1069 1343 1162 1406; x_wconf 87' lang='lat' dir='ltr'><strong>hodie</strong></span> 
     </span>
     <span class='ocr_line' id='line_1_11' title="bbox 54 1449 1160 1532; baseline 0.001 -25"><span class='ocrx_word' id='word_1_91' title='bbox 54 1468 120 1510; x_wconf 85' lang='lat' dir='ltr'><strong>non</strong></span> <span class='ocrx_word' id='word_1_92' title='bbox 138 1458 279 1529; x_wconf 80' lang='lat' dir='ltr'><strong>superat,</strong></span> <span class='ocrx_word' id='word_1_93' title='bbox 300 1459 402 1509; x_wconf 84' lang='lat' dir='ltr'><strong>tamen</strong></span> <span class='ocrx_word' id='word_1_94' title='bbox 425 1451 460 1511; x_wconf 88' lang='lat' dir='ltr'><strong>in</strong></span> <span class='ocrx_word' id='word_1_95' title='bbox 480 1452 558 1513; x_wconf 83' lang='lat' dir='ltr'><strong>libro</strong></span> <span class='ocrx_word' id='word_1_96' title='bbox 571 1449 610 1511; x_wconf 89' lang='lat' dir='ltr'><strong>de</strong></span> <span class='ocrx_word' id='word_1_97' title='bbox 624 1453 779 1512; x_wconf 83' lang='lat' dir='ltr'><strong>Mensibus</strong></span> <span class='ocrx_word' id='word_1_98' title='bbox 793 1453 893 1532; x_wconf 89' lang='lat' dir='ltr'><strong>potuit</strong></span> <span class='ocrx_word' id='word_1_99' title='bbox 909 1471 991 1527; x_wconf 88' lang='lat' dir='ltr'><strong>esse,</strong></span> <span class='ocrx_word' id='word_1_100' title='bbox 1013 1468 1083 1510; x_wconf 87' lang='lat' dir='ltr'><strong>cum</strong></span> <span class='ocrx_word' id='word_1_101' title='bbox 1101 1449 1160 1508; x_wconf 85' lang='lat' dir='ltr'><strong>eli-</strong></span> 
     </span>
     <span class='ocr_line' id='line_1_12' title="bbox 54 1549 1161 1633; baseline -0.001 -22"><span class='ocrx_word' id='word_1_102' title='bbox 54 1549 227 1633; x_wconf 82' lang='lat' dir='ltr'><strong>quodpiam</strong></span> <span class='ocrx_word' id='word_1_103' title='bbox 236 1551 349 1614; x_wconf 84' lang='lat' dir='ltr'><strong>Niobes</strong></span> <span class='ocrx_word' id='word_1_104' title='bbox 363 1554 450 1633; x_wconf 77' lang='lat' dir='ltr'><strong>cpoli</strong></span> <span class='ocrx_word' id='word_1_105' title='bbox 461 1554 640 1615; x_wconf 84' lang='lat' dir='ltr'><strong>collocatum</strong></span> <span class='ocrx_word' id='word_1_106' title='bbox 652 1553 847 1614; x_wconf 73' lang='lat' dir='ltr'><strong>simulacrum</strong></span> <span class='ocrx_word' id='word_1_107' title='bbox 858 1550 1082 1614; x_wconf 71' lang='lat' dir='ltr'><strong>describeretur.</strong></span> <span class='ocrx_word' id='word_1_108' title='bbox 1125 1552 1161 1610; x_wconf 87' lang='lat' dir='ltr'><strong>in</strong></span> 
     </span>
     <span class='ocr_line' id='line_1_13' title="bbox 53 1651 1160 1717; baseline -0.001 -4"><span class='ocrx_word' id='word_1_109' title='bbox 53 1651 178 1714; x_wconf 78' lang='lat' dir='ltr'><strong>scholis</strong></span> <span class='ocrx_word' id='word_1_110' title='bbox 196 1663 298 1714; x_wconf 86' lang='lat' dir='ltr'><strong>eutem</strong></span> <span class='ocrx_word' id='word_1_111' title='bbox 314 1656 532 1717; x_wconf 82' lang='lat' dir='ltr'><strong>Villoisonisnu</strong></span> <span class='ocrx_word' id='word_1_112' title='bbox 550 1657 600 1717; x_wconf 84' lang='lat' dir='ltr'><strong>fac</strong></span> <span class='ocrx_word' id='word_1_113' title='bbox 618 1657 822 1716; x_wconf 86' lang='lat' dir='ltr'><strong>recentissime</strong></span> <span class='ocrx_word' id='word_1_114' title='bbox 846 1656 965 1714; x_wconf 87' lang='lat' dir='ltr'><strong>illatum</strong></span> <span class='ocrx_word' id='word_1_115' title='bbox 986 1673 1052 1714; x_wconf 90' lang='lat' dir='ltr'><strong>esse</strong></span> <span class='ocrx_word' id='word_1_116' title='bbox 1069 1652 1160 1712; x_wconf 84' lang='lat' dir='ltr'><strong>iilum</strong></span> 
     </span>
     <span class='ocr_line' id='line_1_14' title="bbox 53 1752 1161 1844; baseline -0.002 -26"><span class='ocrx_word' id='word_1_117' title='bbox 53 1757 178 1818; x_wconf 83' lang='lat' dir='ltr'><strong>locum:</strong></span> <span class='ocrx_word' id='word_1_118' title='bbox 199 1767 278 1818; x_wconf 85' lang='lat' dir='ltr'><strong>ceste</strong></span> <span class='ocrx_word' id='word_1_119' title='bbox 298 1766 346 1818; x_wconf 91' lang='lat' dir='ltr'><strong>est</strong></span> <span class='ocrx_word' id='word_1_120' title='bbox 365 1768 436 1818; x_wconf 88' lang='lat' dir='ltr'><strong>ante</strong></span> <span class='ocrx_word' id='word_1_121' title='bbox 452 1759 607 1821; x_wconf 88' lang='lat' dir='ltr'><strong>saeculum</strong></span> <span class='ocrx_word' id='word_1_122' title='bbox 626 1760 684 1839; x_wconf 87' lang='lat'><strong>11,</strong></span> <span class='ocrx_word' id='word_1_123' title='bbox 704 1775 767 1844; x_wconf 88' lang='lat' dir='ltr'><strong>quo</strong></span> <span class='ocrx_word' id='word_1_124' title='bbox 786 1758 876 1821; x_wconf 85' lang='lat' dir='ltr'><strong>estis</strong></span> <span class='ocrx_word' id='word_1_125' title='bbox 896 1755 994 1820; x_wconf 85' lang='lat' dir='ltr'><strong>codex</strong></span> <span class='ocrx_word' id='word_1_126' title='bbox 1007 1752 1072 1821; x_wconf 81' lang='lat'><strong>453</strong></span> <span class='ocrx_word' id='word_1_127' title='bbox 1086 1774 1161 1836; x_wconf 56' lang='lat' dir='ltr'><strong>per</strong></span> 
     </span>
     <span class='ocr_line' id='line_1_15' title="bbox 54 1870 1165 1920; baseline -0.008 0"><span class='ocrx_word' id='word_1_128' title='bbox 54 1870 169 1920; x_wconf 68' lang='lat' dir='ltr'><strong>mim·</strong></span> <span class='ocrx_word' id='word_1_129' title='bbox 425 1907 429 1917; x_wconf 79' lang='grc'>,</span> <span class='ocrx_word' id='word_1_130' title='bbox 1163 1907 1165 1911; x_wconf 75' lang='grc'>,</span> 
     </span>
     <span class='ocr_line' id='line_1_16' title="bbox 140 1954 1218 2045; baseline -0.005 -22"><span class='ocrx_word' id='word_1_131' title='bbox 140 1964 255 2023; x_wconf 87' lang='lat' dir='ltr'><strong>Verum</strong></span> <span class='ocrx_word' id='word_1_132' title='bbox 267 1979 329 2042; x_wconf 91' lang='lat' dir='ltr'><strong>quo</strong></span> <span class='ocrx_word' id='word_1_133' title='bbox 341 1968 477 2041; x_wconf 86' lang='lat' dir='ltr'><strong>tempore</strong></span> <span class='ocrx_word' id='word_1_134' title='bbox 488 1962 522 2024; x_wconf 84' lang='lat' dir='ltr'><strong>in</strong></span> <span class='ocrx_word' id='word_1_135' title='bbox 535 1959 644 2023; x_wconf 76' lang='lat' dir='ltr'><strong>dodini</strong></span> <span class='ocrx_word' id='word_1_136' title='bbox 653 1956 856 2045; x_wconf 72' lang='lat' dir='ltr'><strong>Antiquitates</strong></span> <span class='ocrx_word' id='word_1_137' title='bbox 866 1962 1013 2025; x_wconf 85' lang='lat' dir='ltr'><strong>insertum</strong></span> <span class='ocrx_word' id='word_1_138' title='bbox 1024 1960 1065 2022; x_wconf 85' lang='lat' dir='ltr'><strong>sit</strong></span> <span class='ocrx_word' id='word_1_139' title='bbox 1075 1954 1155 2041; x_wconf 74' lang='lat' dir='ltr'><strong>Lydi</strong></span> <span class='ocrx_word' id='word_1_140' title='bbox 1176 1959 1218 2031; x_wconf 79' lang='lat'><strong>14</strong></span> 
     </span>
     <span class='ocr_line' id='line_1_17' title="bbox 54 2060 1160 2146; baseline -0.003 -21"><span class='ocrx_word' id='word_1_141' title='bbox 54 2083 186 2139; x_wconf 86' lang='lat' dir='ltr'><strong>nomeu,</strong></span> <span class='ocrx_word' id='word_1_142' title='bbox 204 2062 238 2123; x_wconf 93' lang='lat' dir='ltr'><strong>id</strong></span> <span class='ocrx_word' id='word_1_143' title='bbox 259 2060 384 2145; x_wconf 87' lang='lat' dir='ltr'><strong>quidem</strong></span> <span class='ocrx_word' id='word_1_144' title='bbox 398 2066 609 2126; x_wconf 83' lang='lat' dir='ltr'><strong>multominus</strong></span> <span class='ocrx_word' id='word_1_145' title='bbox 621 2076 721 2146; x_wconf 90' lang='lat' dir='ltr'><strong>potest</strong></span> <span class='ocrx_word' id='word_1_146' title='bbox 732 2066 855 2128; x_wconf 85' lang='lat' dir='ltr'><strong>firmari.</strong></span> <span class='ocrx_word' id='word_1_147' title='bbox 898 2063 1046 2126; x_wconf 83' lang='lat' dir='ltr'><strong>hebemus</strong></span> <span class='ocrx_word' id='word_1_148' title='bbox 1065 2061 1160 2122; x_wconf 87' lang='lat' dir='ltr'><strong>nimi·</strong></span> 
     </span>
    </p>

    <p class='ocr_par' dir='ltr' id='par_1_4' title="bbox 54 2162 1290 2452">
     <span class='ocr_line' id='line_1_18' title="bbox 55 2162 1157 2249; baseline -0.001 -22"><span class='ocrx_word' id='word_1_149' title='bbox 55 2187 125 2227; x_wconf 86' lang='lat' dir='ltr'><strong>rum</strong></span> <span class='ocrx_word' id='word_1_150' title='bbox 149 2165 226 2226; x_wconf 87' lang='lat' dir='ltr'><strong>duos</strong></span> <span class='ocrx_word' id='word_1_151' title='bbox 248 2185 267 2226; x_wconf 90' lang='lat' dir='ltr'><strong>a</strong></span> <span class='ocrx_word' id='word_1_152' title='bbox 287 2167 378 2226; x_wconf 76' lang='lat' dir='ltr'><strong>variis</strong></span> <span class='ocrx_word' id='word_1_153' title='bbox 396 2168 478 2228; x_wconf 77' lang='lat' dir='ltr'><strong>varie</strong></span> <span class='ocrx_word' id='word_1_154' title='bbox 498 2169 693 2249; x_wconf 86' lang='lat' dir='ltr'><strong>interpolatos</strong></span> <span class='ocrx_word' id='word_1_155' title='bbox 720 2168 830 2245; x_wconf 90' lang='lat' dir='ltr'><strong>libros,</strong></span> <span class='ocrx_word' id='word_1_156' title='bbox 860 2167 915 2249; x_wconf 84' lang='lat' dir='ltr'><strong>qui</strong></span> <span class='ocrx_word' id='word_1_157' title='bbox 938 2163 1011 2226; x_wconf 88' lang='lat' dir='ltr'><strong>huic</strong></span> <span class='ocrx_word' id='word_1_158' title='bbox 1031 2162 1157 2240; x_wconf 72' lang='lat' dir='ltr'><strong>dodino,</strong></span> 
     </span>
     <span class='ocr_line' id='line_1_19' title="bbox 55 2265 1290 2347; baseline -0.002 -18"><span class='ocrx_word' id='word_1_159' title='bbox 55 2272 190 2330; x_wconf 85' lang='lat' dir='ltr'><strong>incertae</strong></span> <span class='ocrx_word' id='word_1_160' title='bbox 209 2270 315 2328; x_wconf 72' lang='lat' dir='ltr'><strong>aetatis</strong></span> <span class='ocrx_word' id='word_1_161' title='bbox 333 2265 468 2347; x_wconf 84' lang='lat' dir='ltr'><strong>homini,</strong></span> <span class='ocrx_word' id='word_1_162' title='bbox 489 2271 676 2345; x_wconf 82' lang='lat' dir='ltr'><strong>tribuuntur,</strong></span> <span class='ocrx_word' id='word_1_163' title='bbox 700 2270 830 2328; x_wconf 85' lang='lat' dir='ltr'><strong>alterum</strong></span> <span class='ocrx_word' id='word_1_164' title='bbox 850 2266 890 2328; x_wconf 85' lang='lat' dir='ltr'><strong>de</strong></span> <span class='ocrx_word' id='word_1_165' title='bbox 909 2266 1023 2328; x_wconf 81' lang='lat' dir='ltr'><strong>officiis</strong></span> <span class='ocrx_word' id='word_1_166' title='bbox 1040 2267 1157 2347; x_wconf 79' lang='lat' dir='ltr'><strong>palatii,</strong></span> <span class='ocrx_word' id='word_1_167' title='bbox 1172 2283 1201 2340; x_wconf 84' lang='lat' dir='ltr'><strong>p.</strong></span> <span class='ocrx_word' id='word_1_168' title='bbox 1218 2281 1290 2326; x_wconf 81' lang='lat' dir='ltr'><strong>xm</strong></span> 
     </span>
     <span class='ocr_line' id='line_1_20' title="bbox 54 2365 1159 2452; baseline -0.005 -21"><span class='ocrx_word' id='word_1_169' title='bbox 54 2372 191 2431; x_wconf 81' lang='lat' dir='ltr'><strong>alterum</strong></span> <span class='ocrx_word' id='word_1_170' title='bbox 210 2366 249 2428; x_wconf 88' lang='lat' dir='ltr'><strong>de</strong></span> <span class='ocrx_word' id='word_1_171' title='bbox 269 2369 437 2449; x_wconf 70' lang='lat' dir='ltr'><strong>Originibus</strong></span> <span class='ocrx_word' id='word_1_172' title='bbox 454 2371 742 2452; x_wconf 82' lang='lat' dir='ltr'><strong>antiquitatibusque</strong></span> <span class='ocrx_word' id='word_1_173' title='bbox 758 2370 873 2451; x_wconf 76' lang='lat' dir='ltr'><strong>(ipolis.</strong></span> <span class='ocrx_word' id='word_1_174' title='bbox 913 2365 963 2429; x_wconf 79' lang='lat' dir='ltr'><strong>hir</strong></span> <span class='ocrx_word' id='word_1_175' title='bbox 979 2367 1012 2427; x_wconf 84' lang='lat' dir='ltr'><strong>in</strong></span> <span class='ocrx_word' id='word_1_176' title='bbox 1024 2365 1159 2447; x_wconf 81' lang='lat' dir='ltr'><strong>Origini·</strong></span> 
     </span>
    </p>

    <p class='ocr_par' dir='ltr' id='par_1_5' title="bbox 53 2468 1159 2553">
     <span class='ocr_line' id='line_1_21' title="bbox 53 2468 1159 2553; baseline 0.005 -21"><span class='ocrx_word' id='word_1_177' title='bbox 53 2474 129 2547; x_wconf 83' lang='lat' dir='ltr'><strong>bus,</strong></span> <span class='ocrx_word' id='word_1_178' title='bbox 153 2468 204 2529; x_wconf 87' lang='lat' dir='ltr'><strong>ed.</strong></span> <span class='ocrx_word' id='word_1_179' title='bbox 218 2471 359 2531; x_wconf 75' lang='lat' dir='ltr'><strong>lumbec-</strong></span> <span class='ocrx_word' id='word_1_180' title='bbox 375 2474 472 2533; x_wconf 84' lang='lat' dir='ltr'><strong>Paris.</strong></span> <span class='ocrx_word' id='word_1_181' title='bbox 486 2470 716 2553; x_wconf 78' lang='lat' dir='ltr'><strong>etypographia</strong></span> <span class='ocrx_word' id='word_1_182' title='bbox 726 2474 802 2552; x_wconf 78' lang='lat' dir='ltr'><strong>Reg.</strong></span> <span class='ocrx_word' id='word_1_183' title='bbox 817 2468 916 2547; x_wconf 85' lang='lat'><strong>1655,</strong></span> <span class='ocrx_word' id='word_1_184' title='bbox 939 2470 995 2530; x_wconf 74' lang='lat' dir='ltr'><strong>fol·</strong></span> <span class='ocrx_word' id='word_1_185' title='bbox 1014 2488 1047 2550; x_wconf 85' lang='lat' dir='ltr'><strong>p·</strong></span> <span class='ocrx_word' id='word_1_186' title='bbox 1066 2471 1107 2532; x_wconf 85' lang='lat'><strong>19</strong></span> <span class='ocrx_word' id='word_1_187' title='bbox 1118 2471 1159 2546; x_wconf 73' lang='lat' dir='ltr'><strong>A,</strong></span> 
     </span>
    </p>

    <p class='ocr_par' dir='ltr' id='par_1_6' title="bbox 55 2570 1158 2656">
     <span class='ocr_line' id='line_1_22' title="bbox 55 2570 1158 2656; baseline -0.005 -22"><span class='ocrx_word' id='word_1_188' title='bbox 55 2596 86 2634; x_wconf 87' lang='lat' dir='ltr'><strong>n.</strong></span> <span class='ocrx_word' id='word_1_189' title='bbox 98 2578 156 2648; x_wconf 77' lang='grc'><strong>36,</strong></span> <span class='ocrx_word' id='word_1_190' title='bbox 178 2575 363 2633; x_wconf 80' lang='lat' dir='ltr'><strong>mentionem</strong></span> <span class='ocrx_word' id='word_1_191' title='bbox 381 2572 462 2656; x_wconf 76' lang='lat' dir='ltr'><strong>nydi</strong></span> <span class='ocrx_word' id='word_1_192' title='bbox 480 2573 546 2633; x_wconf 84' lang='lat' dir='ltr'><strong>fieri</strong></span> <span class='ocrx_word' id='word_1_193' title='bbox 568 2575 657 2634; x_wconf 90' lang='lat' dir='ltr'><strong>multi</strong></span> <span class='ocrx_word' id='word_1_194' title='bbox 678 2583 798 2655; x_wconf 86' lang='lat' dir='ltr'><strong>putant.</strong></span> <span class='ocrx_word' id='word_1_195' title='bbox 838 2573 872 2634; x_wconf 82' lang='lat' dir='ltr'><strong>in</strong></span> <span class='ocrx_word' id='word_1_196' title='bbox 889 2572 1060 2632; x_wconf 81' lang='lat' dir='ltr'><strong>narratione</strong></span> <span class='ocrx_word' id='word_1_197' title='bbox 1075 2570 1158 2630; x_wconf 87' lang='lat' dir='ltr'><strong>enim</strong></span> 
     </span>
    </p>

    <p class='ocr_par' dir='ltr' id='par_1_7' title="bbox 56 2670 1157 2860">
     <span class='ocr_line' id='line_1_23' title="bbox 56 2670 1157 2756; baseline -0.005 -19"><span class='ocrx_word' id='word_1_198' title='bbox 56 2677 94 2737; x_wconf 85' lang='lat' dir='ltr'><strong>de</strong></span> <span class='ocrx_word' id='word_1_199' title='bbox 112 2686 211 2736; x_wconf 84' lang='lat' dir='ltr'><strong>statue</strong></span> <span class='ocrx_word' id='word_1_200' title='bbox 230 2694 309 2756; x_wconf 84' lang='lat' dir='ltr'><strong>quae</strong></span> <span class='ocrx_word' id='word_1_201' title='bbox 322 2694 411 2735; x_wconf 86' lang='lat' dir='ltr'><strong>ruens</strong></span> <span class='ocrx_word' id='word_1_202' title='bbox 424 2676 596 2737; x_wconf 84' lang='lat' dir='ltr'><strong>Himerium</strong></span> <span class='ocrx_word' id='word_1_203' title='bbox 610 2675 825 2738; x_wconf 82' lang='lat' dir='ltr'><strong>chartrdarium</strong></span> <span class='ocrx_word' id='word_1_204' title='bbox 839 2674 1034 2755; x_wconf 82' lang='lat' dir='ltr'><strong>oppresserit,</strong></span> <span class='ocrx_word' id='word_1_205' title='bbox 1056 2670 1157 2733; x_wconf 82' lang='lat' dir='ltr'><strong>afferri</strong></span> 
     </span>
     <span class='ocr_line' id='line_1_24' title="bbox 56 2773 1157 2860; baseline -0.005 -21"><span class='ocrx_word' id='word_1_206' title='bbox 56 2781 177 2839; x_wconf 84' lang='lat' dir='ltr'><strong>Ioannis</strong></span> <span class='ocrx_word' id='word_1_207' title='bbox 189 2778 315 2836; x_wconf 74' lang='lat' dir='ltr'><strong>alicuius</strong></span> <span class='ocrx_word' id='word_1_208' title='bbox 327 2775 503 2860; x_wconf 89' lang='lat' dir='ltr'><strong>philosophi</strong></span> <span class='ocrx_word' id='word_1_209' title='bbox 516 2781 737 2857; x_wconf 88' lang='lat' dir='ltr'><strong>auctoritatem,</strong></span> <span class='ocrx_word' id='word_1_210' title='bbox 759 2773 841 2860; x_wconf 89' lang='lat' dir='ltr'><strong>quod</strong></span> <span class='ocrx_word' id='word_1_211' title='bbox 861 2776 889 2836; x_wconf 90' lang='lat' dir='ltr'><strong>is</strong></span> <span class='ocrx_word' id='word_1_212' title='bbox 908 2776 1053 2855; x_wconf 87' lang='lat' dir='ltr'><strong>scriptum</strong></span> <span class='ocrx_word' id='word_1_213' title='bbox 1067 2775 1157 2835; x_wconf 84' lang='lat' dir='ltr'><strong>inve-</strong></span> 
     </span>
    </p>

    <p class='ocr_par' dir='ltr' id='par_1_8' title="bbox 55 2874 1156 3064">
     <span class='ocr_line' id='line_1_25' title="bbox 55 2874 1156 2959; baseline -0.004 -17"><span class='ocrx_word' id='word_1_214' title='bbox 55 2885 150 2942; x_wconf 84' lang='lat' dir='ltr'><strong>nisset</strong></span> <span class='ocrx_word' id='word_1_215' title='bbox 173 2881 290 2940; x_wconf 84' lang='lat' dir='ltr'><strong>clerum</strong></span> <span class='ocrx_word' id='word_1_216' title='bbox 312 2877 464 2959; x_wconf 88' lang='lat' dir='ltr'><strong>quendam</strong></span> <span class='ocrx_word' id='word_1_217' title='bbox 485 2878 642 2941; x_wconf 90' lang='lat' dir='ltr'><strong>hominem</strong></span> <span class='ocrx_word' id='word_1_218' title='bbox 663 2881 719 2942; x_wconf 91' lang='lat' dir='ltr'><strong>sub</strong></span> <span class='ocrx_word' id='word_1_219' title='bbox 738 2878 797 2941; x_wconf 89' lang='lat' dir='ltr'><strong>hoo</strong></span> <span class='ocrx_word' id='word_1_220' title='bbox 817 2879 904 2958; x_wconf 82' lang='lat' dir='ltr'><strong>signo</strong></span> <span class='ocrx_word' id='word_1_221' title='bbox 926 2877 999 2959; x_wconf 84' lang='lat' dir='ltr'><strong>(vel</strong></span> <span class='ocrx_word' id='word_1_222' title='bbox 1021 2896 1077 2957; x_wconf 92' lang='lat' dir='ltr'><strong>per</strong></span> <span class='ocrx_word' id='word_1_223' title='bbox 1096 2874 1156 2938; x_wconf 86' lang='lat' dir='ltr'><strong>boc</strong></span> 
     </span>
     <span class='ocr_line' id='line_1_26' title="bbox 55 2978 1155 3064; baseline -0.003 -21"><span class='ocrx_word' id='word_1_224' title='bbox 55 2981 196 3064; x_wconf 74' lang='lat' dir='ltr'><strong>signmn)</strong></span> <span class='ocrx_word' id='word_1_225' title='bbox 221 2982 285 3043; x_wconf 80' lang='lat' dir='ltr'><strong>rite</strong></span> <span class='ocrx_word' id='word_1_226' title='bbox 306 2982 492 3042; x_wconf 80' lang='lat' dir='ltr'><strong>functurum:</strong></span> <span class='ocrx_word' id='word_1_227' title='bbox 523 2984 629 3043; x_wconf 86' lang='lat' dir='ltr'><strong>iccirco</strong></span> <span class='ocrx_word' id='word_1_228' title='bbox 647 2991 753 3062; x_wconf 85' lang='lat' dir='ltr'><strong>postea</strong></span> <span class='ocrx_word' id='word_1_229' title='bbox 772 2978 978 3061; x_wconf 76' lang='lat' dir='ltr'><strong>Philippicum</strong></span> <span class='ocrx_word' id='word_1_230' title='bbox 995 2978 1155 3040; x_wconf 76' lang='lat' dir='ltr'><strong>Gaesarem</strong></span> 
     </span>
    </p>

    <p class='ocr_par' dir='ltr' id='par_1_9' title="bbox 54 3079 1154 3170">
     <span class='ocr_line' id='line_1_27' title="bbox 54 3079 1154 3170; baseline -0.007 -21"><span class='ocrx_word' id='word_1_231' title='bbox 54 3090 102 3170; x_wconf 86' lang='lat' dir='ltr'><strong>(is</strong></span> <span class='ocrx_word' id='word_1_232' title='bbox 112 3086 275 3167; x_wconf 82' lang='lat' dir='ltr'><strong>imperavit</strong></span> <span class='ocrx_word' id='word_1_233' title='bbox 286 3103 316 3143; x_wconf 83' lang='lat' dir='ltr'><strong>a.</strong></span> <span class='ocrx_word' id='word_1_234' title='bbox 329 3086 395 3151; x_wconf 76' lang='lat'><strong>712</strong></span> <span class='ocrx_word' id='word_1_235' title='bbox 408 3095 439 3145; x_wconf 85' lang='lat' dir='ltr'><strong>et</strong></span> <span class='ocrx_word' id='word_1_236' title='bbox 450 3083 516 3166; x_wconf 83' lang='lat' dir='ltr'><strong>sq.)</strong></span> <span class='ocrx_word' id='word_1_237' title='bbox 539 3087 659 3166; x_wconf 81' lang='lat' dir='ltr'><strong>signum</strong></span> <span class='ocrx_word' id='word_1_238' title='bbox 674 3081 709 3143; x_wconf 87' lang='lat' dir='ltr'><strong>id</strong></span> <span class='ocrx_word' id='word_1_239' title='bbox 722 3080 830 3144; x_wconf 91' lang='lat' dir='ltr'><strong>eodem</strong></span> <span class='ocrx_word' id='word_1_240' title='bbox 844 3081 960 3143; x_wconf 75' lang='lat' dir='ltr'><strong>locoin</strong></span> <span class='ocrx_word' id='word_1_241' title='bbox 970 3090 1082 3141; x_wconf 88' lang='lat' dir='ltr'><strong>terram</strong></span> <span class='ocrx_word' id='word_1_242' title='bbox 1095 3079 1154 3141; x_wconf 88' lang='lat' dir='ltr'><strong>de-</strong></span> 
     </span>
    </p>

    <p class='ocr_par' dir='ltr' id='par_1_10' title="bbox 54 3176 1153 3268">
     <span class='ocr_line' id='line_1_28' title="bbox 54 3176 1153 3268; baseline -0.003 -18"><span class='ocrx_word' id='word_1_243' title='bbox 54 3189 178 3250; x_wconf 74' lang='lat' dir='ltr'><strong>fodisse.</strong></span> <span class='ocrx_word' id='word_1_244' title='bbox 220 3189 334 3248; x_wconf 81' lang='lat' dir='ltr'><strong>Graece</strong></span> <span class='ocrx_word' id='word_1_245' title='bbox 363 3188 407 3248; x_wconf 84' lang='lat' dir='ltr'><strong>sio</strong></span> <span class='ocrx_word' id='word_1_246' title='bbox 434 3198 497 3248; x_wconf 80' lang='lat' dir='ltr'><strong>ert:</strong></span> <span class='ocrx_word' id='word_1_247' title='bbox 524 3179 665 3268; x_wconf 70' lang='grc' dir='ltr'><strong><em>Ἰωάννης</em></strong></span> <span class='ocrx_word' id='word_1_248' title='bbox 682 3182 718 3249; x_wconf 73' lang='lat' dir='ltr'><strong>di</strong></span> <span class='ocrx_word' id='word_1_249' title='bbox 735 3204 781 3260; x_wconf 81' lang='grc' dir='ltr'><strong>τις</strong></span> <span class='ocrx_word' id='word_1_250' title='bbox 800 3176 971 3264; x_wconf 71' lang='grc' dir='ltr'><strong><em>φιλόσοφός</em></strong></span> <span class='ocrx_word' id='word_1_251' title='bbox 988 3201 1084 3265; x_wconf 84' lang='grc' dir='ltr'><strong><em>φησιν</em></strong></span> <span class='ocrx_word' id='word_1_252' title='bbox 1105 3176 1153 3248; x_wconf 78' lang='lat' dir='ltr'><strong>b&#39;rs</strong></span> 
     </span>
    </p>

    <p class='ocr_par' dir='ltr' id='par_1_11' title="bbox 55 3277 1152 3376">
     <span class='ocr_line' id='line_1_29' title="bbox 55 3277 1152 3376; baseline -0.008 -19"><span class='ocrx_word' id='word_1_253' title='bbox 55 3284 143 3376; x_wconf 70' lang='grc' dir='ltr'><strong><em>εὖρον</em></strong></span> <span class='ocrx_word' id='word_1_254' title='bbox 165 3286 230 3355; x_wconf 71' lang='lat' dir='ltr'><strong>tut</strong></span> <span class='ocrx_word' id='word_1_255' title='bbox 249 3285 360 3356; x_wconf 69' lang='grc' dir='ltr'><strong><em>τούτου</em></strong></span> <span class='ocrx_word' id='word_1_256' title='bbox 373 3294 430 3355; x_wconf 78' lang='grc' dir='ltr'><strong>τοῦ</strong></span> <span class='ocrx_word' id='word_1_257' title='bbox 443 3290 551 3367; x_wconf 70' lang='lat' dir='ltr'><strong>tector</strong></span> <span class='ocrx_word' id='word_1_258' title='bbox 565 3288 692 3366; x_wconf 62' lang='grc' dir='ltr'><strong><em>ἔνδοξον</em></strong></span> <span class='ocrx_word' id='word_1_259' title='bbox 705 3284 803 3370; x_wconf 76' lang='grc' dir='ltr'><strong><em>ἄνδρα</em></strong></span> <span class='ocrx_word' id='word_1_260' title='bbox 813 3278 1047 3368; x_wconf 72' lang='grc' dir='ltr'><strong><em>τεθνηξόμενον.</em></strong></span> <span class='ocrx_word' id='word_1_261' title='bbox 1089 3277 1152 3366; x_wconf 67' lang='grc' dir='ltr'><strong>ὑφ’</strong></span> 
     </span>
    </p>

    <p class='ocr_par' dir='ltr' id='par_1_12' title="bbox 55 3382 1153 3476">
     <span class='ocr_line' id='line_1_30' title="bbox 55 3382 1153 3476; baseline -0.005 -18"><span class='ocrx_word' id='word_1_262' title='bbox 55 3386 94 3458; x_wconf 83' lang='lat' dir='ltr'><strong>od</strong></span> <span class='ocrx_word' id='word_1_263' title='bbox 108 3390 291 3470; x_wconf 54' lang='lat' dir='ltr'><strong>cumaea</strong></span> <span class='ocrx_word' id='word_1_264' title='bbox 303 3392 323 3458; x_wconf 77' lang='grc' dir='ltr'>ὁ</span> <span class='ocrx_word' id='word_1_265' title='bbox 334 3389 475 3475; x_wconf 72' lang='grc' dir='ltr'><strong><em>βοοιλιΰς</em></strong></span> <span class='ocrx_word' id='word_1_266' title='bbox 490 3388 740 3476; x_wconf 74' lang='grc' dir='ltr'><strong>πληροφορηθεὶς</strong></span> <span class='ocrx_word' id='word_1_267' title='bbox 760 3386 893 3454; x_wconf 69' lang='grc' dir='ltr'><strong>ἐκέλευον</strong></span> <span class='ocrx_word' id='word_1_268' title='bbox 904 3382 940 3451; x_wconf 79' lang='grc' dir='ltr'><strong>ιδ</strong></span> <span class='ocrx_word' id='word_1_269' title='bbox 952 3382 1028 3454; x_wconf 75' lang='lat' dir='ltr'><strong>oded</strong></span> <span class='ocrx_word' id='word_1_270' title='bbox 1041 3382 1153 3464; x_wconf 62' lang='lat' dir='ltr'><strong>tuom</strong></span> 
     </span>
    </p>

    <p class='ocr_par' dir='ltr' id='par_1_13' title="bbox 54 3487 1151 3783">
     <span class='ocr_line' id='line_1_31' title="bbox 54 3487 1151 3581; baseline -0.008 -21"><span class='ocrx_word' id='word_1_271' title='bbox 54 3496 89 3561; x_wconf 68' lang='grc' dir='ltr'><strong>ἐν</strong></span> <span class='ocrx_word' id='word_1_272' title='bbox 107 3490 194 3581; x_wconf 61' lang='lat' dir='ltr'><strong>uiro</strong></span> <span class='ocrx_word' id='word_1_273' title='bbox 210 3498 254 3580; x_wconf 72' lang='lat' dir='ltr'><strong>epi</strong></span> <span class='ocrx_word' id='word_1_274' title='bbox 276 3490 360 3581; x_wconf 75' lang='lat' dir='ltr'><strong>sc‘rrp</strong></span> <span class='ocrx_word' id='word_1_275' title='bbox 382 3499 625 3577; x_wconf 73' lang='grc' dir='ltr'><strong><em>νοιοχνοθῆνοι.</em></strong></span> <span class='ocrx_word' id='word_1_276' title='bbox 665 3511 723 3552; x_wconf 83' lang='grc' dir='ltr'><strong>οεο</strong></span> <span class='ocrx_word' id='word_1_277' title='bbox 736 3487 925 3566; x_wconf 85' lang='lat' dir='ltr'><strong>mehercule,</strong></span> <span class='ocrx_word' id='word_1_278' title='bbox 947 3490 1032 3551; x_wconf 88' lang='lat' dir='ltr'><strong>sisio</strong></span> <span class='ocrx_word' id='word_1_279' title='bbox 1046 3491 1151 3551; x_wconf 91' lang='lat' dir='ltr'><strong>locum</strong></span> 
     </span>
     <span class='ocr_line' id='line_1_32' title="bbox 54 3588 1150 3679; baseline -0.006 -21"><span class='ocrx_word' id='word_1_280' title='bbox 54 3603 302 3679; x_wconf 82' lang='lat' dir='ltr'><strong>interpretemur,</strong></span> <span class='ocrx_word' id='word_1_281' title='bbox 323 3601 401 3660; x_wconf 75' lang='lat' dir='ltr'><strong>siunt</strong></span> <span class='ocrx_word' id='word_1_282' title='bbox 411 3598 538 3659; x_wconf 86' lang='lat' dir='ltr'><strong>fortasse</strong></span> <span class='ocrx_word' id='word_1_283' title='bbox 548 3615 725 3679; x_wconf 89' lang='lat' dir='ltr'><strong>possumus,</strong></span> <span class='ocrx_word' id='word_1_284' title='bbox 745 3608 856 3675; x_wconf 84' lang='lat' dir='ltr'><strong>nempe</strong></span> <span class='ocrx_word' id='word_1_285' title='bbox 870 3590 1020 3654; x_wconf 73' lang='lat' dir='ltr'><strong>(tudinum</strong></span> <span class='ocrx_word' id='word_1_286' title='bbox 1031 3588 1082 3651; x_wconf 79' lang='lat' dir='ltr'><strong>bio</strong></span> <span class='ocrx_word' id='word_1_287' title='bbox 1094 3609 1150 3671; x_wconf 87' lang='lat' dir='ltr'><strong>pro</strong></span> 
     </span>
     <span class='ocr_line' id='line_1_33' title="bbox 56 3690 1149 3783; baseline -0.008 -22"><span class='ocrx_word' id='word_1_288' title='bbox 56 3703 226 3762; x_wconf 84' lang='lat' dir='ltr'><strong>testimonio</strong></span> <span class='ocrx_word' id='word_1_289' title='bbox 237 3702 373 3783; x_wconf 89' lang='lat' dir='ltr'><strong>aliquem</strong></span> <span class='ocrx_word' id='word_1_290' title='bbox 381 3698 506 3762; x_wconf 88' lang='lat' dir='ltr'><strong>laudare</strong></span> <span class='ocrx_word' id='word_1_291' title='bbox 516 3698 597 3782; x_wconf 84' lang='lat' dir='ltr'><strong>Lydi</strong></span> <span class='ocrx_word' id='word_1_292' title='bbox 610 3700 727 3774; x_wconf 85' lang='lat' dir='ltr'><strong>locum,</strong></span> <span class='ocrx_word' id='word_1_293' title='bbox 748 3715 825 3772; x_wconf 86' lang='lat' dir='ltr'><strong>non,</strong></span> <span class='ocrx_word' id='word_1_294' title='bbox 845 3696 986 3778; x_wconf 87' lang='lat' dir='ltr'><strong>inquam,</strong></span> <span class='ocrx_word' id='word_1_295' title='bbox 1009 3690 1149 3754; x_wconf 86' lang='lat' dir='ltr'><strong>illudme</strong></span> 
     </span>
    </p>

    <p class='ocr_par' dir='ltr' id='par_1_14' title="bbox 56 3795 1149 3989">
     <span class='ocr_line' id='line_1_34' title="bbox 56 3795 1149 3886; baseline -0.008 -22"><span class='ocrx_word' id='word_1_296' title='bbox 56 3814 172 3879; x_wconf 86' lang='lat' dir='ltr'><strong>moret,</strong></span> <span class='ocrx_word' id='word_1_297' title='bbox 194 3802 277 3885; x_wconf 87' lang='lat' dir='ltr'><strong>quod</strong></span> <span class='ocrx_word' id='word_1_298' title='bbox 291 3806 326 3863; x_wconf 92' lang='lat' dir='ltr'><strong>in</strong></span> <span class='ocrx_word' id='word_1_299' title='bbox 345 3803 552 3886; x_wconf 88' lang='lat' dir='ltr'><strong>superstitibus</strong></span> <span class='ocrx_word' id='word_1_300' title='bbox 572 3799 665 3863; x_wconf 87' lang='lat' dir='ltr'><strong>hodie</strong></span> <span class='ocrx_word' id='word_1_301' title='bbox 684 3797 765 3882; x_wconf 80' lang='lat' dir='ltr'><strong>Lydi</strong></span> <span class='ocrx_word' id='word_1_302' title='bbox 784 3798 903 3879; x_wconf 87' lang='lat' dir='ltr'><strong>scriptis</strong></span> <span class='ocrx_word' id='word_1_303' title='bbox 928 3816 965 3857; x_wconf 93' lang='lat' dir='ltr'><strong>ea</strong></span> <span class='ocrx_word' id='word_1_304' title='bbox 985 3795 1149 3878; x_wconf 86' lang='lat' dir='ltr'><strong>praedictio</strong></span> 
     </span>
     <span class='ocr_line' id='line_1_35' title="bbox 56 3895 1149 3989; baseline -0.015 -20"><span class='ocrx_word' id='word_1_305' title='bbox 56 3925 207 3989; x_wconf 71' lang='lat' dir='ltr'><strong>nusquam</strong></span> <span class='ocrx_word' id='word_1_306' title='bbox 220 3906 342 3987; x_wconf 82' lang='lat' dir='ltr'><strong>legitur.</strong></span> <span class='ocrx_word' id='word_1_307' title='bbox 384 3917 448 3967; x_wconf 87' lang='lat' dir='ltr'><strong>arat</strong></span> <span class='ocrx_word' id='word_1_308' title='bbox 461 3906 631 3967; x_wconf 76' lang='lat' dir='ltr'><strong>forsitanin</strong></span> <span class='ocrx_word' id='word_1_309' title='bbox 644 3905 705 3964; x_wconf 88' lang='lat' dir='ltr'><strong>illis</strong></span> <span class='ocrx_word' id='word_1_310' title='bbox 722 3902 855 3985; x_wconf 83' lang='lat' dir='ltr'><strong>partibus</strong></span> <span class='ocrx_word' id='word_1_311' title='bbox 873 3899 945 3959; x_wconf 85' lang='lat' dir='ltr'><strong>libri</strong></span> <span class='ocrx_word' id='word_1_312' title='bbox 964 3895 1002 3959; x_wconf 89' lang='lat' dir='ltr'><strong>de</strong></span> <span class='ocrx_word' id='word_1_313' title='bbox 1017 3895 1149 3960; x_wconf 76' lang='lat' dir='ltr'><strong>(terentis</strong></span> 
     </span>
    </p>

    <p class='ocr_par' dir='ltr' id='par_1_15' title="bbox 57 4000 1149 4193">
     <span class='ocr_line' id='line_1_36' title="bbox 57 4000 1149 4090; baseline -0.01 -22"><span class='ocrx_word' id='word_1_314' title='bbox 57 4014 131 4090; x_wconf 86' lang='lat' dir='ltr'><strong>qua&#39;e</strong></span> <span class='ocrx_word' id='word_1_315' title='bbox 153 4008 389 4087; x_wconf 79' lang='lat' dir='ltr'><strong>intercidemnt3</strong></span> <span class='ocrx_word' id='word_1_316' title='bbox 415 4019 479 4070; x_wconf 88' lang='lat' dir='ltr'><strong>erat</strong></span> <span class='ocrx_word' id='word_1_317' title='bbox 500 4011 535 4069; x_wconf 88' lang='lat' dir='ltr'><strong>in</strong></span> <span class='ocrx_word' id='word_1_318' title='bbox 556 4008 634 4068; x_wconf 84' lang='lat' dir='ltr'><strong>libro</strong></span> <span class='ocrx_word' id='word_1_319' title='bbox 657 4004 695 4067; x_wconf 89' lang='lat' dir='ltr'><strong>de</strong></span> <span class='ocrx_word' id='word_1_320' title='bbox 718 4004 891 4066; x_wconf 81' lang='lat' dir='ltr'><strong>Mensibus:</strong></span> <span class='ocrx_word' id='word_1_321' title='bbox 911 4000 1149 4083; x_wconf 84' lang='lat' dir='ltr'><strong>necquicquam</strong></span> 
     </span>
     <span class='ocr_line' id='line_1_37' title="bbox 57 4102 1149 4193; baseline -0.012 -21"><span class='ocrx_word' id='word_1_322' title='bbox 57 4114 188 4190; x_wconf 78' lang='lat' dir='ltr'><strong>proiecto</strong></span> <span class='ocrx_word' id='word_1_323' title='bbox 207 4114 305 4191; x_wconf 80' lang='lat' dir='ltr'><strong>magis</strong></span> <span class='ocrx_word' id='word_1_324' title='bbox 324 4115 463 4175; x_wconf 73' lang='lat' dir='ltr'><strong>convenit</strong></span> <span class='ocrx_word' id='word_1_325' title='bbox 485 4114 519 4172; x_wconf 86' lang='lat' dir='ltr'><strong>in</strong></span> <span class='ocrx_word' id='word_1_326' title='bbox 537 4110 678 4193; x_wconf 85' lang='lat' dir='ltr'><strong>Lydum,</strong></span> <span class='ocrx_word' id='word_1_327' title='bbox 697 4109 872 4188; x_wconf 75' lang='lat' dir='ltr'><strong>religiosum</strong></span> <span class='ocrx_word' id='word_1_328' title='bbox 885 4116 916 4166; x_wconf 90' lang='lat' dir='ltr'><strong>et</strong></span> <span class='ocrx_word' id='word_1_329' title='bbox 929 4102 1106 4165; x_wconf 86' lang='lat' dir='ltr'><strong>historicum</strong></span> <span class='ocrx_word' id='word_1_330' title='bbox 1118 4107 1149 4159; x_wconf 91' lang='lat' dir='ltr'><strong>et</strong></span> 
     </span>
    </p>

    <p class='ocr_par' dir='ltr' id='par_1_16' title="bbox 55 4202 1292 4390">
     <span class='ocr_line' id='line_1_38' title="bbox 55 4202 1292 4298; baseline -0.007 -26"><span class='ocrx_word' id='word_1_331' title='bbox 55 4217 86 4272; x_wconf 82' lang='lat' dir='ltr'><strong>io</strong></span> <span class='ocrx_word' id='word_1_332' title='bbox 99 4218 208 4276; x_wconf 82' lang='lat' dir='ltr'><strong>statuis</strong></span> <span class='ocrx_word' id='word_1_333' title='bbox 219 4214 423 4276; x_wconf 84' lang='lat' dir='ltr'><strong>describendis</strong></span> <span class='ocrx_word' id='word_1_334' title='bbox 436 4216 591 4298; x_wconf 74' lang='lat' dir='ltr'><strong>copiosam</strong></span> <span class='ocrx_word' id='word_1_335' title='bbox 604 4211 776 4288; x_wconf 88' lang='lat' dir='ltr'><strong>homiuem,</strong></span> <span class='ocrx_word' id='word_1_336' title='bbox 798 4229 891 4294; x_wconf 90' lang='lat' dir='ltr'><strong>quam</strong></span> <span class='ocrx_word' id='word_1_337' title='bbox 905 4202 1054 4269; x_wconf 88' lang='lat' dir='ltr'><strong>eiusmodi</strong></span> <span class='ocrx_word' id='word_1_338' title='bbox 1068 4203 1149 4264; x_wconf 84' lang='lat' dir='ltr'><strong>vati·</strong></span> <span class='ocrx_word' id='word_1_339' title='bbox 1165 4230 1194 4283; x_wconf 81' lang='lat' dir='ltr'><strong>p.</strong></span> <span class='ocrx_word' id='word_1_340' title='bbox 1210 4225 1292 4267; x_wconf 80' lang='lat' dir='ltr'><strong>xxm</strong></span> 
     </span>
     <span class='ocr_line' id='line_1_39' title="bbox 56 4305 1148 4390; baseline -0.01 -11"><span class='ocrx_word' id='word_1_341' title='bbox 56 4318 175 4380; x_wconf 73' lang='lat' dir='ltr'><strong>ductio</strong></span> <span class='ocrx_word' id='word_1_342' title='bbox 216 4315 273 4380; x_wconf 90' lang='lat' dir='ltr'><strong>sed</strong></span> <span class='ocrx_word' id='word_1_343' title='bbox 295 4338 366 4380; x_wconf 86' lang='lat' dir='ltr'><strong>ecce</strong></span> <span class='ocrx_word' id='word_1_344' title='bbox 387 4328 491 4381; x_wconf 86' lang='lat' dir='ltr'><strong>auctor</strong></span> <span class='ocrx_word' id='word_1_345' title='bbox 514 4317 662 4383; x_wconf 85' lang='lat' dir='ltr'><strong>recentior</strong></span> <span class='ocrx_word' id='word_1_346' title='bbox 683 4316 737 4377; x_wconf 84' lang='lat' dir='ltr'><strong>ille</strong></span> <span class='ocrx_word' id='word_1_347' title='bbox 756 4324 787 4376; x_wconf 91' lang='lat' dir='ltr'><strong>et</strong></span> <span class='ocrx_word' id='word_1_348' title='bbox 802 4311 964 4390; x_wconf 84' lang='lat' dir='ltr'><strong>barbarus,</strong></span> <span class='ocrx_word' id='word_1_349' title='bbox 984 4308 1070 4371; x_wconf 85' lang='lat' dir='ltr'><strong>cuius</strong></span> <span class='ocrx_word' id='word_1_350' title='bbox 1083 4305 1148 4368; x_wconf 77' lang='lat' dir='ltr'><strong>fra·</strong></span> 
     </span>
    </p>
   </div>
   <div class='ocr_carea' id='block_1_4' title="bbox 0 0 1376 4642">
    <p class='ocr_par' dir='ltr' id='par_1_17' title="bbox 0 0 1376 4642">
     <span class='ocr_line' id='line_1_40' title="bbox 0 0 1376 4642; baseline 0 1"><span class='ocrx_word' id='word_1_351' title='bbox 0 0 1376 4642; x_wconf 95' lang='lat' dir='ltr'><strong> </strong></span> 
     </span>
    </p>
   </div>
   <div class='ocr_carea' id='block_1_5' title="bbox 1292 4520 1358 4615">
    <p class='ocr_par' dir='ltr' id='par_1_18' title="bbox 1292 4520 1358 4615">
     <span class='ocr_line' id='line_1_41' title="bbox 1292 4520 1358 4615; baseline 0 0"><span class='ocrx_word' id='word_1_352' title='bbox 1292 4520 1358 4615; x_wconf 67' lang='lat' dir='ltr'><strong><em>A</em></strong></span> 
     </span>
    </p>
   </div>
  </div>
 </body>
</html>
