2742 4642
227 354 344 424 Hastl
367 340 426 424 DE
450 356 660 431 osruttrts
684 359 931 430 PRAEFATIO.
1099 382 1136 430 ιι

29 557 85 619 bac
97 555 250 639 religione
264 556 440 619 obstrictum
450 572 501 619 ms
510 558 710 640 putavissem,
730 560 791 621 nisi
803 560 916 622 exisset
928 556 1059 645 denique
1070 564 1137 644 pri-

30 699 113 737 mum
135 678 283 738 volumen
302 679 486 740 collectionis
508 698 605 739 norae
624 681 824 759 Byzantinus·
864 700 963 758 nunc,
992 684 1138 764 qnoniam

30 799 189 878 profligata
211 801 273 858 iam
296 800 407 859 Leonis
427 800 553 858 Diacoui
572 809 603 858 et
622 819 744 880 prorsus
758 797 798 858 ad
812 800 929 860 exitum
944 798 1072 861 deducta
1089 811 1136 863 est

30 919 190 999 impressio
212 918 321 1001 (detur
332 920 420 978 venia
430 917 522 979 verbo
533 915 649 998 novo),
671 939 729 978 nec
745 919 875 978 multum
888 920 973 981 abest
987 923 1062 1003 quin
1072 925 1135 982 Mi·

32 1036 147 1099 chaelis
172 1039 267 1098 Pselli
289 1057 385 1120 aeque
401 1039 589 1114 absolvatur,
611 1040 758 1121 pusillum
770 1039 937 1100 laxamenti
949 1053 1054 1103 nactus
1068 1041 1135 1103 edi-
1152 1069 1182 1124 p.
1200 1069 1224 1107 11

31 1159 147 1217 tionem
169 1158 242 1217 libri
260 1156 392 1238 Lydiani
413 1160 499 1219 nolui
521 1161 651 1240 amplius
674 1157 810 1235 differre,
831 1180 871 1220 ue
893 1160 946 1242 (ut
960 1163 1061 1224 labilis
1076 1165 1136 1224 flu-

29 1298 149 1360 xusque
163 1289 209 1339 est
221 1298 323 1337 rerum
335 1275 536 1338 humanarum
549 1277 663 1359 status)
686 1277 835 1340 accideret
848 1279 965 1361 aliquid
976 1281 1059 1364 quod
1069 1303 1136 1344 rem

30 1400 155 1457 omuino
166 1399 394 1475 interturbaret,
415 1410 507 1482 utque
520 1402 707 1483 antiquitatis
722 1402 876 1461 Romanae
890 1400 1016 1464 studiosi
1028 1406 1136 1484 cogni·-

28 1519 113 1576 tione
129 1515 305 1597 discipliuae
320 1521 481 1599 auguralis,
504 1522 768 1604 quantulacunque
781 1517 905 1579 taudem
918 1540 959 1579 ex
970 1519 1056 1603 Lydo
1071 1524 1136 1604 peti

28 1638 144 1713 possit,
165 1657 204 1695 ue
221 1636 441 1699 fraudarentur.
483 1661 540 1700 nec
557 1650 658 1699 tamen
677 1641 798 1715 miuus,
820 1638 927 1699 affecto
941 1640 1065 1723 quidem
1079 1641 1136 1704 sad

29 1771 91 1811 nou
106 1754 242 1815 coniecto
257 1755 401 1819 mandato
414 1761 573 1842 prioreque
585 1762 726 1840 negotio,
746 1758 950 1820 verecundum
963 1762 1068 1841 putavi
1083 1783 1136 1823 re-

30 1894 100 1934 cens
127 1888 303 1958 susceptum
323 1880 449 1938 urinum
469 1882 645 1961 transigere.
687 1881 790 1960 itaqua
813 1881 969 1962 exemplar
986 1883 1136 1943 Graecum

30 2013 98 2052 cum
111 1996 178 2054 sola
192 1998 437 2078 interpretatione
454 2002 579 2077 Latina,
603 2019 680 2081 quae
697 2002 903 2061 commentarii
917 2003 1054 2081 perpetui
1065 2001 1134 2062 loco

31 2125 123 2190 esset,
145 2118 180 2174 in
198 2115 255 2178 has
274 2120 408 2200 pagellas
429 2120 557 2180 conieci:
579 2119 617 2178 ab
636 2119 837 2198 explicatione
851 2138 951 2178 rerum
968 2138 1018 2177 me
1035 2119 1135 2178 couti-

30 2236 91 2293 nui.
136 2246 210 2296 sunt
223 2257 295 2298 sane
310 2242 500 2321 quaestiones
516 2236 667 2312 infinitae,
690 2235 730 2296 ad
751 2238 910 2318 religiones
927 2238 1032 2297 ltaliae
1050 2247 1137 2296 vete-

32 2355 69 2413 ris
89 2374 258 2437 rerumque
281 2355 449 2417 divinarum
475 2358 666 2439 antiquitates
687 2360 887 2436 pertinentes,
909 2356 947 2418 de
970 2357 1080 2440 quibus
1100 2359 1137 2418 iu

30 2476 195 2555 scriptione
217 2476 322 2538 latiore
343 2487 433 2559 atque
454 2478 601 2538 ornatiora
616 2474 676 2537 dici
687 2478 792 2556 possit.
835 2476 891 2537 aed
907 2475 1016 2537 harum
1034 2495 1136 2537 rerum

31 2598 152 2655 tametsi
176 2614 233 2675 ego
254 2614 374 2677 quoque
397 2597 483 2678 quasi
497 2597 606 2657 silvam
620 2600 825 2678 collegissem,
847 2618 904 2657 nec
918 2601 1019 2660 minus
1034 2618 1136 2659 rerum

31 2713 238 2773 anauarum
264 2714 365 2775 studio
394 2734 486 2797 quam
516 2717 697 2776 Graecarum
722 2719 867 2793 oblecter,
897 2727 1001 2777 tamen
1024 2720 1136 2797 partim

32 2835 243 2913 quaestionum
256 2845 290 2892 ut
305 2835 419 2894 abenas
432 2835 470 2894 ab
485 2836 653 2895 auctoribus
670 2838 861 2916 Byzantinis,
885 2837 1023 2917 aquibus
1037 2834 1138 2896 ‹lisca-

32 2949 100 3010 dere
122 2951 248 3030 lougius
268 2954 334 3012 sine
353 2953 568 3014 inconstantiae
588 2957 759 3036 suspicione
781 2958 866 3016 nullo
889 2952 980 3016 modo
999 2974 1134 3034 possum,

31 3067 206 3128 homiuibus
228 3070 446 3131 excellentibus
465 3074 497 3133 in
515 3072 574 3134 hoc
594 3094 722 3155 genere,
744 3076 904 3136 subtilibus
922 3085 953 3134 et
968 3076 1061 3133 acutis
1073 3093 1135 3133 nou
1233 3116 1238 3133 .

31 3191 130 3250 mirus
153 3209 247 3271 quam
266 3187 487 3252 abundantibus
508 3193 691 3271 eruditione,
713 3196 821 3277 quibus
842 3203 924 3253 aetas
938 3204 1039 3252 nostra
1055 3201 1136 3252 recte
1151 3214 1181 3270 p.
1198 3213 1235 3254 ιιι

32 3309 193 3387 gloriatur,
215 3307 385 3369 tractandas
398 3312 524 3392 reliqui:
549 3311 586 3373 de
600 3315 746 3395 capitibus
761 3316 828 3374 aliis
840 3315 966 3374 fortasse
982 3313 1040 3371 alio
1055 3323 1136 3372 tem·

30 3448 101 3507 pore
122 3429 272 3509 singulari
293 3432 403 3509 scripto
421 3430 524 3511 lingua
539 3435 700 3494 vernacula
715 3438 780 3515 ipse
797 3452 896 3513 agam.
939 3432 971 3489 in
984 3431 1136 3510 praesenti

31 3550 165 3627 primum
188 3547 226 3608 de
244 3550 327 3609 ionte
345 3551 481 3610 instituto
507 3551 649 3613 subsidiis
675 3552 814 3612 editionis
837 3549 943 3625 huius,
966 3546 1076 3608 deinde
1094 3546 1134 3610 de

32 3670 276 3749 interpretatione
297 3672 420 3746 Latina,
442 3680 508 3731 tum
527 3668 564 3730 de
587 3670 733 3733 mirandis
748 3668 930 3753 quibusdam
946 3677 998 3727 aut
1014 3687 1134 3728 memo-

34 3790 176 3850 rabilibus
189 3792 221 3848 iu
231 3787 292 3850 hoc
301 3791 405 3851 libello
417 3787 507 3870 Lydi,
530 3786 660 3872 denique
676 3789 714 3850 de
728 3791 896 3870 fragmento
907 3787 978 3847 libri
989 3787 1034 3845 De
1045 3805 1136 3845 men-

34 3911 131 3988 sibus,
154 3908 240 3992 quod
258 3930 320 3971 uua
336 3908 455 3992 prodit,
476 3917 627 3989 postremo
646 3906 683 3968 de
700 3921 840 3970 notarum
855 3926 992 3967 mearum
1008 3907 1134 3982 ratione,

34 4034 140 4109 partite
156 4032 343 4115 strictimque
357 4028 466 4091 dicam.

116 4150 238 4212 Codicis
257 4152 408 4212 caseolini
426 4152 556 4232 quaesit
571 4150 655 4230 origo
670 4157 752 4207 aetas
766 4144 917 4223 condicio,
938 4143 1049 4226 quique
1061 4142 1131 4203 ἤιο-
1151 4142 1174 4206 2

35 4269 91 4332 rint
111 4291 216 4351 casus,
238 4273 367 4356 exposui
387 4273 421 4332 iu
442 4268 668 4350 Prolegomeuis
686 4267 756 4329 libri
772 4268 819 4327 De
832 4263 1056 4346 magistratibus
1070 4265 1135 4325 Ro·
