2742 4642
287 313 346 379 DE
369 311 704 382 Muulsmuufflus
727 314 762 379 P.
785 314 825 379 R.
850 314 928 380 LIB.
947 314 974 383 1.
1106 311 1177 387 143

85 482 172 572 ῥηξὶν
195 483 243 550 ἐπὶ
266 483 338 561 τοδς
358 494 439 572 τρείς
458 485 509 549 καὶ
527 483 751 572 τεσσαράκοντα
763 488 814 550 καὶ
826 487 997 564 διακοσίους
1014 485 1176 569 ἐνιαυτούς,

86 589 140 675 ἐφ’
165 587 257 664 ὅσσας
281 589 309 653 oi
330 587 417 674 ῥῆγες
435 586 619 675 ἐκράτησαν,
638 586 807 673 ηκαθύλου
824 589 940 674 ἱστορία
955 594 1177 676 παραδέδωκεν.

86 693 139 755 καὶ
167 690 203 756 τδ
232 690 336 756 λοιπὸν
364 689 464 779 ὥσπερ
493 694 525 757 ἐν
554 687 652 782 σκύτρ
681 692 716 758 τὸ
742 694 990 779 τῆς.ὲλτνθερίας
1009 696 1177 779 ε’ξελαμψεν

85 791 195 878 ὄνομα.

61 910 78 966 6
191 897 250 965 30.
296 892 598 981 ὝπιίτονςἛλληνες
609 896 680 974 τούς
692 893 832 982 ύψηλοδς
845 899 895 962 καί
907 895 1056 984 μεγάλους
1070 898 1174 983 λέγον.

85 1023 151 1079 σιν,
179 999 214 1064 ού
241 997 459 1082 στοχασάμενοι
482 1006 537 1082 τῆς
557 1000 695 1083 ἀληθοῦς
714 1006 771 1067 τοῦ
794 998 942 1082 ὀνόματος
963 1004 1175 1089 προσηγορίας.

85 1103 120 1167 τὸ
144 1104 204 1188 γὰρ
225 1100 368 1180 κόνσοαλ,
394 1098 436 1179 ὡς
449 1103 575 1180 Ἰταλοῖς
587 1100 607 1187 ἢ
619 1101 712 1190 φύσις
722 1105 932 1189 παραδέδωκεν
938 1152 949 1185 ,
973 1106 1008 1171 ού
1023 1105 1076 1169 τὸν
1088 1102 1174 1188 iuer,-

83 1205 140 1269 λὸν
157 1206 235 1269 ἀλλὰ
249 1205 302 1270 τὸν
315 1203 462 1293 πρύτανιν
477 1209 622 1289 σημαίνει.
662 1204 777 1283 Κύνσος
793 1206 850 1294 γὰρ
869 1209 971 1284 αὐτοῖς
985 1206 1001 1273 ὁ
1014 1211 1174 1273 Ποσειδῶν

85 1310 251 1391 ἐνομίσθη·
276 1305 404 1395 κρύφιος
423 1309 457 1373 δὲ
474 1308 565 1386 αὐτὸς
585 1312 635 1375 καὶ
650 1298 835 1395 ύποβρύχιος
844 1357 854 1388 ,
880 1313 929 1375 καὶ
947 1307 988 1386 ὥς
1004 1322 1066 1387 τοῖς
1085 1338 1174 1395 ποιη-

42 1427 79 1481 10
87 1423 156 1487 ταῖς
170 1410 288 1497 ἤρεσεν,
307 1413 487 1495 ἐννοσίγαιος
498 1414 549 1476 καὶ
562 1410 746 1495 ίνοσιχθιύν·
772 1439 811 1477 ιτι
829 1414 862 1476 δὲ
874 1411 1003 1500 κρύφιον
1017 1420 1105 1480 τοῦτο
1124 1421 1175 1479 λε·

86 1520 205 1597 upum.
253 1511 348 1600 ταύτῃ
370 1519 420 1578 καὶ
444 1519 578 1581 κονσίλια
601 1515 639 1580 τύ
662 1513 856 1597 βουλεύματα
872 1519 923 1580 καὶ
934 1518 1066 1598 μυστικὰ
1081 1519 1175 1599 autp-

86 1642 173 1700 ματα
189 1616 300 1701 λε’γετιιι
317 1617 393 1703 παρ’
412 1619 548 1698 ἐκείνοις,
573 1617 631 1683 ύπδ
649 1626 704 1683 τοῦ
719 1615 839 1706 κύνδιρε
854 1619 941 1683 οἱονεί
954 1625 1010 1683 τοῦ
1024 1617 1175 1705 κρύπτειν,

87 1723 140 1785 καί
164 1717 289 1785 κύνσουλ
313 1717 329 1783 ὃ
354 1722 521 1807 κρυψίνους
526 1769 537 1799 ,
563 1720 622 1787 ἀπὸ
646 1728 700 1785 τοῦ
722 1731 857 1807 προνοεῖν
883 1725 933 1786 καί
959 1722 1038 1786 καθ’
1067 1720 1174 1788 ἑαυτὸν

84 1820 161 1909 ύπέρ
177 1832 236 1888 τῶν
251 1829 358 1888 κοινῶν
375 1821 573 1904 σκεπτόμενον
587 1824 755 1911 ἀγρυπνεῖν.
804 1822 899 1910 ταύτῃ
922 1827 972 1889 καὶ
994 1826 1175 1891 κονσονύλια

43 1927 125 1999 1611}
152 1923 338 2013 ἱπποδρόμια
363 1931 505 1993 καλοῦσιν
530 1926 559 1990 oi
583 1926 719 2013 ἀρχαῖοι·
743 1930 861 1991 ἰ’ππειον
885 1928 943 2011 γὰρ
963 1924 980 1991 ὃ
1001 1929 1174 2009 positissuis

82 2033 265 2095 Ποσειδῶνα
281 2029 366 2115 Myer.
394 2094 397 2104 Δ
417 2036 542 2095 τοιαῦτα
557 2030 612 2112 μίν
627 2055 694 2095 τινα
711 2032 778 2117 περὶ
794 2037 848 2112 τῆς
858 2029 1003 2113 Ἰταλικῆς
1018 2037 1078 2094 τῶν
1090 2027 1172 2095 siuri-

83 2158 144 2198 τιον
163 2135 377 2219 προσηγορίας.
573 2208 578 2215 .

187 2235 246 2305 31.
292 2233 360 2300 Ὅτι
378 2234 411 2300 δὲ
426 2241 486 2301 τῶν
502 2230 622 2299 πάντων
637 2229 780 2319 ἠγνόησεν
797 2232 896 2312 οὐδεὶς
910 2233 948 2311 τύ
965 2230 1098 2317 ὀνόματα
1112 2242 1172 2299 τῶν

83 2335 213 2426 πρτύτως
228 2334 458 2404 ύπατενσύντιον
465 2386 476 2417 ,
495 2335 604 2425 μίτριύ
618 2364 685 2407 τινα
700 2341 766 2423 περὶ
783 2335 922 2425 Βρούτον
937 2339 1062 2405 λεκτέον.
1094 2334 1172 2404 Ἰού-

40 2462 149 2521 mutue
162 2443 218 2524 μίν
234 2438 338 2529 κύριον
354 2439 448 2524 ὄνομα
463 2440 569 2528 τύνύρδ
582 2443 680 2528 γέγονε
687 2489 698 2519 ,
718 2444 857 2529 Βροῦτον
873 2443 907 2507 δὲ
921 2440 1012 2509 uritis
1026 2441 1173 2519 κοιτιὶτδνΙ

83 2552 139 2629 τῆς
161 2547 331 2629 ἐπωνυμίας
351 2543 463 2633 τρόπον
484 2543 585 2629 ἔλεγον
610 2545 670 2611 ἀπὸ
694 2526 747 2628 τῆς
762 2542 995 2633 ύποκεκριριίνης
1009 2546 1173 2633 arietinor-

84 2651 169 2735 ρίας·
193 2654 324 2735 βροῦτον
347 2648 404 2735 γὰρ
424 2647 477 2712 τὸν
497 2647 601 2733 μωρὸν
619 2649 816 2734 ἐπεχωρίαζον
828 2648 936 2714 Ἰταλοὶ
952 2650 986 2713 τὸ
1003 2646 1097 2727 πύλαι
1112 2646 1172 2714 uinci
1213 2708 1223 2731 „

82 2758 140 2835 τῆς
159 2750 331 2839 βαρύτητος
353 2748 414 2816 τῶν
434 2757 561 2837 φρενῶν.
612 2742 716 2830 οὗτος,
745 2748 787 2828 ὡς
811 2750 903 2838 ἔφην,
931 2751 1074 2835 εὐήθειαν
1096 2777 1172 2835 σκη-

154 2914 287 2984 8ιιόνοον
302 2930 335 2983 (i.
445 2890 581 2996 9αύτύς]
598 2921 701 2991 uiroc?
812 2930 845 2983 10
860 2930 914 2998 eu]
931 2926 1037 2983 toran.
1139 2945 1174 2983 uu

155 2993 287 3067 α’ληθοῖςί
388 2998 422 3053 12
437 2998 554 3067 sororius
569 2999 602 3052 C.
705 2999 738 3053 21
755 2992 997 3068 ύπονιεκρυμμίνης
1008 2998 1097 3067 vuigo.

83 3161 126 3208 tos
149 3152 321 3222 quodraginta
342 3160 414 3217 tres,
439 3168 504 3221 quos
521 3168 603 3220 penes
616 3168 695 3220 reges
712 3150 848 3234 imperium
865 3152 929 3220 suit,
952 3149 1052 3204 rexisse
1068 3149 1097 3203 iu
1112 3147 1172 3204 uni-

83 3239 191 3276 versum
208 3221 319 3275 historio
336 3220 455 3275 tradidit.
489 3238 521 3274 uo
543 3218 638 3275 deinde
658 3220 775 3274 velutin
791 3220 907 3274 tenebris
928 3219 1059 3275 libertatis
1079 3236 1173 3273 nomen

83 3292 176 3344 eluxit·

152 3361 197 3413 30.
229 3352 369 3419 ’Τποὶτοος
391 3357 489 3413 Graeci
510 3359 628 3413 excelsos
651 3376 675 3411 nr
729 3376 810 3428 osque
833 3366 944 3425 vocent,
969 3356 1089 3425 neglectu
1106 3375 1170 3412 vero

83 3429 194 3483 nonusis
211 3427 414 3497 significatione.
449 3427 544 3481 etenim
561 3425 594 3483 τὸ
613 3446 675 3481 cons
719 3428 850 3496 Italorum,
868 3437 898 3480 ut
912 3445 955 3480 res
969 3427 1027 3496 ipss
1040 3428 1101 3495 sert,
1119 3446 1172 3481 uon

82 3498 212 3551 excelsum
237 3498 284 3551 sed
306 3505 443 3567 prytunem
465 3497 606 3565 significet.
642 3498 755 3551 Consum
781 3496 848 3550 enim
872 3497 909 3549 illi
934 3498 1083 3567 Neptunum
1097 3497 1171 3550 dioe-

30 3616 35 3629 ,
81 3568 161 3621 bsutt
191 3566 305 3618 occultos
325 3583 390 3620 vero
413 3566 471 3632 ille,
495 3568 544 3619 sub
568 3566 644 3619 undis
660 3567 759 3631 latens,
783 3577 877 3636 utque,
904 3575 932 3619 ut
954 3566 1039 3635 poetis
1064 3565 1171 3635 placuit,

82 3644 170 3688 terroe
190 3642 328 3704 quassatur
342 3673 350 3687 .
363 3671 371 3688 .
382 3672 408 3688 ..
444 3634 534 3688 eadem
550 3637 652 3693 ratione
667 3635 776 3689 consilis
789 3637 822 3688 ab
836 3634 869 3687 iis
886 3633 1087 3688 consultationes
1104 3634 1172 3687 deii-

80 3703 284 3773 berationesque
301 3712 419 3757 secretae
436 3723 452 3757 u
469 3706 582 3758 condere
599 3706 646 3773 (id
662 3714 704 3757 est
719 3704 867 3773 ocoosstsre)
887 3703 1022 3769 dicuntur,
1040 3712 1068 3756 et
1082 3701 1173 3755 consul

81 3772 206 3855 tunquum'
220 3783 331 3825 mentem
347 3772 449 3840 celsus,
467 3772 564 3855 puippe
581 3775 627 3843 qui
643 3773 790 3856 prospiciat
805 3790 906 3843 proque
921 3772 1068 3841 republica
1084 3788 1187 3827 secum·

81 3853 201 3911 cogitans
223 3840 324 3910 vigilet.
359 3842 419 3895 hinc
442 3852 520 3895 etrum
536 3841 667 3896 oonsuolm
681 3843 783 3912 antiqui
799 3859 890 3896 cursus
904 3850 1039 3912 equestres
1058 3840 1172 3892 ludicros

80 3911 185 4034 διίιριιιιτι
211 3922 358 3993 equestrem
376 3911 444 3965 enirn
460 3910 548 3965 subula
564 3912 680 3983 uppellst
698 3913 858 3983 Neptunum.
893 3910 958 3964 hoec
975 3910 1009 3963 de
1024 3908 1091 3962 Itelo
1107 3926 1171 3963 cou-

78 3998 91 4033 s
121 3998 162 4034 um
178 3998 291 4034 nomme.

148 4051 194 4104 31.
230 4050 359 4119 Quoniam
372 4068 436 4105 uero
448 4049 590 4172 primorum
603 4050 734 4103 consulum
747 4049 851 4104 nomino
863 4065 938 4101 nemo
951 4047 1071 4116 ignoret,
1087 4063 1172 4117 peuce

80 4120 208 4188 quaedum
224 4120 257 4172 de
273 4120 355 4172 Bruto
370 4120 446 4173 dicen
467 4138 491 4172 n.
527 4119 616 4175 Iursius
640 4119 774 4188 proprium
790 4118 841 4170 viri
856 4135 948 4170 nomeu
964 4126 1037 4184 erut,
1061 4118 1171 4171 Brutum

79 4196 183 4255 sutem,
206 4191 347 4243 secundum
368 4188 567 4270 cognominandi
588 4205 701 4255 morem,
728 4204 786 4240 eum
806 4205 822 4241 s
844 4186 964 4240 simulato
981 4187 1037 4239 eius
1058 4186 1170 4240 stultitia

79 4260 225 4312 vocabunt:
243 4256 351 4311 Brutum
367 4275 434 4310 erum
448 4257 507 4310 Itali
521 4258 580 4311 olim
615 4257 682 4310 atrio
696 4273 816 4309 sermone
828 4254 933 4309 stultum
946 4274 962 4309 s
975 4264 1083 4325 torpore
1097 4274 1170 4309 meu-

79 4325 114 4380 tis
131 4326 310 4399 appellebant.
344 4326 400 4395 hic,
418 4334 447 4381 ut
460 4326 529 4395 oiri,
546 4336 572 4381 st
599 4326 683 4381 titium
699 4326 801 4395 fingens
818 4334 919 4396 tempus
936 4328 1081 4396 quaerebst
1098 4326 1137 4381 Tr
