2742 4642
148 352 206 402 xrv
442 324 553 396 nasu
576 324 634 393 DE
656 322 815 394 Ioanne
838 322 958 393 inno

149 532 285 596 Africam
309 528 446 592 Siciliam
467 528 559 589 armis
579 500 762 601 obtinerent,
787 524 976 607 reliquasque
995 524 1101 606 populi
1116 522 1248 586 Romani

150 637 321 718 provincias
333 633 501 694 incursibus
511 632 598 691 factis
610 631 811 713 exinanirent.
831 706 835 713 Ι
853 642 945 709 qnam
955 630 1166 709 gravissimum
1175 630 1249 688 lite-

151 742 254 820 risque
274 738 385 797 nostris
403 755 496 817 prope
515 734 639 793 fomlam
659 752 762 792 casum
784 732 896 791 summi
916 728 1055 791 homines
1075 729 1249 814 indicioque

152 840 363 923 eruditissimi,
392 834 547 913 meista,
576 833 742 898 lThBuhle
770 836 899 916 aliique,
931 834 1089 894 caliiarnm
1112 828 1251 895 sultano·

152 963 281 1026 rumque
304 941 483 1003 liberalitate
507 959 543 1021 ac
563 939 759 999 beneficentia
786 935 1008 1021 quodammodo
1029 936 1163 998 levatum
1184 956 1250 997 esee

152 1048 268 1128 opinati
290 1055 373 1119 sunt,
388 1040 489 1125 ,idque
512 1043 631 1123 scriptis
650 1041 738 1102 editis
757 1051 976 1122 exposuerunt:
998 1040 1048 1100 De
1057 1039 1251 1120 principibus

152 1147 391 1209 Madamedamb
410 1149 467 1227 qni
485 1156 542 1206 ant
562 1143 603 1204 ab
627 1144 789 1205 erude'tebne
809 1141 1148 1206 uutaneoreliterormn
1166 1142 1251 1201 etti·

152 1261 315 1312 temtomm
337 1248 524 1320 clarmmm,
545 1247 672 1327 Laperiee
692 1249 782 1324 1747,
809 1244 842 1311 4.
883 1248 935 1308 De
951 1246 1046 1308 meat
1063 1246 1252 1307 Graecorum

27 1372 57 1425 p.
74 1368 137 1412 xm
154 1352 312 1413 literarum
332 1352 421 1431 opud
437 1349 565 1411 Arabes·
582 1352 676 1410 mitiis
691 1360 721 1409 et
733 1349 910 1413 rationibus.
954 1350 1122 1412 comment.
1141 1348 1253 1408 Societ.

152 1457 268 1519 Sciant.
288 1474 352 1535 reg.
372 1456 561 1535 Gottingens.
574 1454 671 1518 voli
691 1473 723 1534 p·
734 1454 808 1519 216.
849 1474 955 1515 verum
977 1464 1012 1514 nt
1032 1457 1095 1513 iam
1115 1454 1253 1511 maxima

152 1559 288 1619 fueritin
299 1554 480 1640 quibusdam
490 1552 780 1615 Mohamedanorum
792 1560 912 1638 regibus
923 1558 1104 1638 benignitas,
1117 1556 1254 1615 maxime

153 1681 255 1721 rerum
276 1678 399 1720 suarum
418 1660 559 1735 scientia,
580 1661 658 1721 sicut
676 1660 752 1736 fuit,
768 1670 871 1721 tamen
893 1659 993 1722 studia
1011 1672 1041 1721 et
1056 1669 1151 1735 artes,
1173 1678 1253 1740 quae

153 1772 239 1823 erant
262 1763 383 1823 Graecis
405 1765 608 1823 monumentis
632 1760 857 1846 disciplinisque
879 1774 941 1823 tota
958 1764 1031 1824 Asia
1049 1763 1112 1821 iam
1125 1760 1162 1821 ab
1176 1763 1254 1822 Ale-

153 1864 265 1927 xandri
277 1869 320 1926 Μ.
335 1867 520 1947 temporibus
533 1864 643 1926 aedita
658 1886 693 1925 ac
709 1876 898 1943 conservata,
918 1866 1086 1925 necessario
1102 1866 1187 1924 noris
1202 1860 1254 1924 re-'

153 1966 316 2047 ligionibus
336 1968 444 2030 studiis
460 1970 594 2029 moribus
612 1964 743 2028 inductis
763 1971 893 2048 graviter
911 1978 980 2029 sunt
996 1967 1121 2045 affecta3
1143 1967 1255 2049 quibus

153 2070 251 2129 semel
273 2071 400 2132 sublatis
420 2082 451 2131 et
470 2072 598 2131 Arabica
618 2073 724 2151 lingua
745 2064 843 2132 indies
863 2072 953 2132 latins
971 2062 1074 2148 fundi,
1095 2081 1126 2130 et
1139 2071 1256 2129 Graece

151 2175 287 2254 primum
303 2192 343 2232 ex
357 2175 550 2253 optimatum,
572 2182 640 2252 post
653 2175 746 2231 etiam
758 2175 880 2233 omnino
894 2195 934 2232 ex
949 2194 1007 2250 usu
1021 2166 1256 2234 consuetudiness

153 2294 214 2357 qno
229 2273 389 2335 hominum
404 2282 581 2334 evanescere
597 2274 691 2352 inque
703 2293 799 2351 pauca
813 2276 1001 2353 Palaestinae
1013 2262 1179 2333 Phoenices
1193 2273 1257 2356 Sy-

152 2380 216 2436 riae
237 2378 413 2436 interamnis
432 2377 615 2436 monesteria
629 2375 782 2453 compingi
795 2371 904 2455 coepit.
946 2366 980 2434 lit
993 2376 1074 2435 enim
1086 2372 1145 2436 hoc
1158 2376 1191 2435 in
1206 2379 1257 2437 vi·

154 2481 210 2540 ctis
230 2480 415 2555 nationibus,
435 2489 470 2538 ut
489 2476 529 2537 ed
547 2479 734 2538 vincentium
752 2496 923 2539 sermonem
940 2480 1082 2538 libentius
1101 2501 1135 2540 se
1155 2480 1257 2561 appli-

154 2593 239 2657 cent,
259 2600 317 2641 uec
334 2582 432 2660 magis
453 2583 486 2639 in
506 2581 612 2660 lingua
632 2598 725 2661 quam
737 2580 770 2637 in
785 2580 922 2641 libertate
936 2584 1033 2662 patria
1046 2580 1159 2643 tuenda
1173 2605 1258 2643 acres

154 2684 322 2745 videantur.
364 2702 425 2765 qua
436 2683 469 2742 in
480 2685 673 2743 conversione
693 2701 836 2761 magnam
849 2684 996 2744 librorum
1010 2686 1192 2746 Graecorum
1207 2687 1258 2746 fa-

155 2797 235 2846 ctam
248 2788 395 2845 iacturam
409 2797 544 2845 accurate
558 2787 986 2866 explicaveruntAHHeeren,
1014 2788 1190 2848 Geeohiclte
1205 2790 1259 2849 dee

157 2890 317 2949 Studium
338 2889 391 2948 der
411 2889 591 2948 cherisohen
608 2889 764 2947 Literatur
785 2889 845 2949 vol.
865 2890 902 2966 l,
930 2892 1090 2971 Gottingae
1114 2896 1205 2968 1797,
1225 2894 1258 2967 8,

155 3013 188 3074 p.
201 2996 260 3068 98,
282 3002 312 3052 et
330 2990 542 3068 IGEichhorn,
565 2991 742 3052 Geeoleichte
759 2992 813 3050 der
831 2992 988 3051 Literaucr
1003 2996 1063 3053 vol.
1080 3000 1114 3070 1,
1136 2996 1259 3054 Gottin-

156 3113 214 3175 gae
234 3095 323 3170 1805,
337 3098 367 3170 8,
385 3115 416 3174 p.
429 3093 509 3170 6623
531 3093 673 3178 idemque
688 3115 750 3156 uno
765 3098 886 3156 loannis
901 3095 1134 3177 Epiphaniensis
1148 3115 1259 3156 exem-

155 3200 208 3279 plo
230 3206 329 3280 potest
349 3196 558 3256 demonstrari.
600 3200 790 3275 isloennes,
811 3202 864 3281 qui
882 3199 939 3259 fuit
952 3198 1101 3280 Agathino
1117 3199 1259 3261 Scholia-

17 3331 46 3383 p.
65 3326 140 3368 xvm
157 3310 221 3362 stae
243 3302 424 3381 Evagriiqne
445 3297 677 3380 Epiphaniensis
697 3303 846 3384 aequalis,
868 3304 905 3363 ab
925 3304 983 3363 isto
1003 3301 1185 3362 landeturin
1199 3322 1260 3361 ex-

154 3412 252 3463 tremo
264 3404 342 3464 libro
357 3404 462 3484 quinto
474 3405 584 3463 Histoe.
598 3405 772 3466 Ecclesiast.
786 3405 945 3468 advolas.
956 3426 989 3484 p.
1001 3404 1064 3470 442
1077 3407 1120 3480 D,
1142 3424 1203 3487 quo
1217 3426 1260 3465 ex

155 3509 223 3568 loco
239 3518 321 3589 patet
336 3507 392 3569 snb
407 3525 437 3566 a.
452 3506 531 3583 593,
556 3528 626 3566 cum
649 3506 726 3568 haec
748 3509 891 3569 scriberet
909 3511 1073 3588 Euagrius,
1094 3506 1260 3588 Agathiam

155 3630 192 3670 ac
211 3614 355 3671 Ioannem
374 3607 512 3670 nondum
533 3612 673 3691 vulgasse
695 3632 765 3672 enos
783 3613 888 3671 libros.
930 3610 1025 3671 edidit
1039 3622 1140 3670 nmen
1154 3620 1259 3690 postea

156 3710 314 3773 historiam
339 3717 481 3790 Ioannes,
511 3733 571 3796 qua
589 3716 696 3794 fugam
718 3712 857 3774 chosrois
876 3734 918 3789 11,
945 3716 1029 3774 illius
1053 3733 1144 3795 quem
1164 3714 1260 3771 Cossu

156 3818 260 3877 Petris
274 3818 400 3877 barbare
417 3818 588 3898 appellant,
607 3819 730 3899 eiusque
747 3814 953 3876 reductionem
965 3818 997 3875 in
1011 3836 1138 3896 regnum
1152 3835 1180 3874 a.
1195 3816 1257 3879 591

158 3936 176 3978 e
190 3920 334 3980 Mauricio
348 3921 475 3979 Caesare
489 3921 600 3979 factam
613 3921 762 3980 subtiliter
775 3930 837 3979 erat
852 3930 1041 4000 persecutns3
1064 3939 1192 4000 eamque
1208 3915 1259 3975 hi-

156 4022 280 4080 storiam
298 4020 565 4104 Theophylactnm
585 4022 782 4083 Simocettem
801 4027 937 4104 suspicor
947 4033 1085 4085 secutum
1099 4043 1164 4082 esse
1179 4021 1258 4079 libro

155 4123 177 4186 4
198 4133 229 4181 et
249 4123 270 4188 5
292 4127 325 4182 in
340 4124 524 4203 digressione
539 4125 576 4184 de
590 4125 731 4185 Chosrois
744 4128 816 4207 fuga
831 4150 866 4187 ac
878 4128 986 4188 reditu.
1030 4128 1143 4186 atenim
1158 4124 1260 4182 evenit

152 4227 260 4283 Ioanni
281 4223 314 4285 id
338 4227 419 4308 quod
440 4227 527 4309 Lydo
547 4230 674 4310 ahisque
693 4231 814 4306 multis,
836 4241 868 4289 ut
889 4232 1038 4291 Arabibus
1058 4233 1092 4289 in
1108 4248 1160 4288 eos
1176 4228 1260 4305 ipsos

158 4336 263 4389 'tractus
282 4328 561 4409 effervescentibus,
582 4334 635 4393 ubi
653 4334 799 4416 pleraque
821 4335 885 4395 eius
905 4334 1091 4414 exemplaria
1110 4332 1260 4391 exstitisse
