2742 4642
176 312 227 389 64
573 316 745 388 loannis
771 316 874 383 LYDI

277 487 339 558 22·
388 483 406 553 ὅ
433 481 592 571 Κάμιλλος
620 485 728 576 ὥρισεν
755 486 922 574 ἀποκείρειν
949 485 1022 566 τούς
1047 486 1194 574 πώγωνας
1217 489 1272 552 ἐπ”

177 587 272 677 ἀκρον
279 638 290 671 ,
316 588 359 669 ὡς
375 591 419 675 μή
439 588 625 678 δράττεσδοιι
647 591 748 657 αὐτῶν
769 588 841 669 τούς
853 593 1021 670 ίναντίους,
1048 591 1100 657 διὰ
1117 591 1174 676 τήν
1190 618 1271 675 συμ-

174 701 277 778 βᾶσαν
292 692 439 782 πρότερον
453 691 570 778 μάχην,
595 694 628 760 ἓν
646 685 668 782 ᾖ
689 691 789 760 εἷλκον
811 692 961 779 ἀλλήλους
981 692 1015 759 ίκ
1031 720 1063 758 τε
1081 700 1143 759 τῶν
1155 697 1272 782 λασίων

176 803 237 864 τῶν
251 801 492 886 περικεφαλαιοῖν
508 802 561 863 καλ
575 799 608 876 la
621 798 722 880 αὐτῶν
736 798 839 880 μέντοι
856 804 917 864 τῶν
929 803 984 864 τοῦ
998 792 1142 882 πώγωνος
1150 805 1271 885 τριχῶν.

278 901 338 968 23·
389 903 421 966 ίν
438 909 475 988 τῇ
491 900 567 989 πρδς
578 900 631 966 τάν
644 904 743 985 δῆμον
758 902 917 987 ἀρατίωνι,
942 901 1031 966 οἱονεί
1047 897 1298 987 προσφωνήσει.5

80 1033 109 1089 p.
126 1016 160 1072 71
280 999 340 1072 24.
390 1007 482 1083 είδοῖς
497 1007 731 1092 Φεβρουαρίοις.
783 1003 843 1069 ἀπδ
864 1002 977 1087 ταύτης
994 1010 1050 1087 τῆς
1070 999 1186 1093 ήμίρας
1210 1004 1271 1070 ἀπδ

176 1100 261 1194 ὥρας
278 1107 364 1191 ἕκτης
385 1106 437 1172 διὰ
459 1109 515 1185 τάς
531 1114 592 1172 τῶν
609 1105 830 1191 κατοιχομένων
842 1108 921 1191 χοάς
937 1108 976 1172 τδ
995 1107 1061 1192 ίτρά
1078 1110 1272 1195 κατησιραλί-

177 1214 278 1291 ζοντα,
301 1215 354 1276 καί
377 1211 406 1275 οἶ
425 1209 568 1296 ἀρχοντες
588 1211 621 1275 ίν
641 1208 774 1295 σχήματι
798 1213 927 1275 ἰδιωτῶν
949 1209 1102 1297 προήισαν
1125 1208 1196 1298 ἀχρι
1215 1197 1278 1295 τῆς

176 1315 236 1401 πρδ
248 1314 327 1381 darei
342 1316 500 1379 καλανδῶν
515 1315 678 1400 Μαρτίων.
709 1312 742 1379 αἱ
759 1314 792 1380 δι’
803 1311 959 1400 σώφρονες
975 1323 1113 1399 γυναῖκες
1129 1312 1271 1402 (ματρώ-

174 1444 230 1494 νας
248 1418 282 1482 δι’
297 1416 393 1493 αάτάς
406 1416 435 1482 oi
445 1412 589 1498 Ῥωμαῖοι
604 1422 748 1483 καλοῦσα
752 1465 763 1496 ,
789 1417 818 1481 oi
836 1415 1019 1500 δὲἝλληνες
1029 1419 1269 1502 οίκοδτσποίνας)
1281 1426 1317 1480 10

175 1525 320 1587 τοσοῦτον
335 1526 389 1603 τῆς
408 1519 515 1597 altore
528 1517 702 1607 ίφράντιζον
720 1516 762 1598 ὡς
781 1521 859 1604 μηδὲ
873 1530 941 1599 ταῖς
952 1525 1079 1598 πολλαῖς
1091 1526 1152 1588 τῶν
1164 1547 1271 1607 γυναι-

177 1631 238 1688 κῶν
251 1620 366 1707 ὁμιλεῖν
371 1670 382 1701 ,
407 1622 486 1688 ἀλλά
513 1625 563 1688 καί
585 1620 699 1702 τόπους
720 1623 803 1700 τινάς
818 1621 963 1707 ήσυχίους
977 1626 1009 1689 ἓν
1022 1633 1085 1701 τοῖς
1098 1628 1272 1707 βαλανείοις

175 1726 235 1805 tto
250 1734 306 1794 τοῦ
325 1723 465 1811 πλήθους
483 1723 605 1803 ἑαυταῖς
627 1727 796 1816 ἀφορίζειν,
821 1725 875 1804 ούς
893 1726 936 1792 ίτι
954 1729 1005 1792 καί
1017 1735 1071 1791 νῦν
1081 1730 1271 1815 ματριυνίκια

177 1836 330 1902 καλοῦσιν.
399 1820 490 1895 αύται
508 1831 609 1896 τοίνυν
635 1830 667 1894 αἱ
696 1827 852 1917 σώφρονες
873 1838 939 1907 τοῖς
961 1828 1102 1916 Βρούτου
1128 1834 1270 1913 δαίμοσιν

176 1932 309 2020 ίνήγιζον
325 1932 370 1998 δι’
386 1934 484 1999 αἰτίαν
498 1930 650 2016 τοιαύτην.
679 1935 863 2019 Λουκρητία
873 1930 947 2019 γυνή
963 1930 1152 2017 τιςῬωμαία
1164 1959 1269 2017 περιτ-
1280 1943 1313 1997 15

175 2045 236 2115 πῶς
257 2033 405 2124 εὐπρεπής
426 2039 527 2102 τεκαὶ
549 2033 681 2122 σώφρων
702 2037 817 2120 λέγεται
832 2039 1005 2120 βιασθῆναί
1016 2062 1087 2102 ποτε
1106 2035 1166 2102 ἀπὸ
1181 2041 1270 2124 Ταρ·

175 2143 277 2207 κυνίου
298 2145 354 2205 τοῦ
371 2141 541 2204 τελευταίου
557 2141 618 2208 τῶν
634 2137 734 2224 ῥηγιῦν
748 2138 768 2223 ή
784 2146 840 2205 τοῦ
854 2140 949 2205 αὐτοῦ
967 2133 1086 2216 παιδός.
1136 2138 1270 2226 σούπερ·

170 2251 229 2328 βον
250 2244 283 2309 δὲ
301 2240 392 2308 αύτδν
412 2239 432 2326 ή
455 2242 573 2327 ἱστορία
593 2247 684 2307 καλεῖ
693 2243 781 2307 οἱονεί
799 2241 947 2323 ἀλαζόνα·
967 2250 1087 2331 πρῶτος
1101 2244 1160 2329 γάρ
1176 2244 1271 2322 αάτδς

171 2347 287 2435 ὄργανα
299 2351 409 2411 ποινῶν
426 2347 477 2409 καὶ
490 2346 626 2427 μίταλλα
639 2345 771 2429 ἐξεῦρεν,
797 2342 879 2423 ὅπως
895 2347 929 2410 δὲ
949 2345 993 2430 μή
1008 2343 1191 2428 μαλάττοιτυ
1204 2359 1270 2425 τοῖς

171 2454 324 2531 αἰκισμοῖς
337 2454 397 2512 τῶν
412 2448 663 2534 τιμωρουμίνιυν,
687 2444 821 2532 βοτάνην
843 2449 946 2526 αὐτοῖς
960 2452 1097 2514 ἐπεδίδου
1117 2449 1310 2535 dydimam

172 2554 295 2618 ἐνεποίει
315 2550 400 2635 παρὰ
415 2550 527 2614 σκοπδν
542 2559 606 2626 τοῖς
618 2546 786 2632 πάσχουσι·
811 2553 921 2635 γίνεται
939 2541 973 2616 dl
984 2553 1035 2616 καί
1053 2560 1106 2617 νῦν
1118 2555 1166 2616 ἐπί
1181 2557 1268 2640 Σαρ-

173 2658 246 2731 δοῦς
269 2661 323 2738 τῆς
342 2649 436 2735 νήσου
459 2648 478 2736 ἡ
498 2650 623 2736 τοιαύτη
640 2649 775 2737 βοτάνη,
800 2652 874 2718 ὅθεν
896 2656 945 2718 καί
964 2651 1133 2742 Σαρδόνιον
1150 2655 1267 2741 γίλιυτά

172 2783 277 2847 φασιν.
335 2754 422 2821 iader
448 2754 501 2821 τάν
532 2753 703 2843 Ταρκύνιον
729 2754 898 2845 σούπερβον
920 2756 986 2823 ἀντὶ
1010 2763 1067 2824 τοῦ
1092 2758 1193 2844 ἀπηνῆ
1214 2763 1265 2826 καί

241 2938 276 2992 17
290 2937 326 2990 of.
343 2935 439 2989 fluidas
455 2949 484 2989 v.
502 2931 674 3008 Σούπερβος.

238 3091 284 3145 22.
319 3089 442 3144 Camillus
457 3089 573 3144 instituit
586 3098 617 3144 ut
635 3089 791 3143 raderentur
802 3087 902 3144 barbae
915 3103 1042 3157 summae,
1068 3104 1101 3143 ue
1118 3085 1268 3158 arriperent

172 3179 218 3215 eas
236 3160 342 3225 hostes,
357 3170 467 3230 propter
486 3177 599 3229 pugnam
612 3170 691 3213 antea
706 3161 818 3221 laetam,
843 3160 870 3212 in
905 3177 939 3213 aa
952 3160 1093 3213 trahebant
1104 3158 1174 3211 iuter
1186 3177 1216 3211 se
1232 3177 1267 3212 ex

172 3230 260 3282 aristis
272 3227 404 3297 galearum
418 3238 521 3282 atvero
538 3229 617 3283 etiam
630 3246 664 3281 ox
676 3222 742 3298 ipsis
754 3231 854 3282 barbae
867 3179 938 3298 pilis.

240 3299 285 3351 2³.
321 3297 352 3349 In
366 3298 484 3351 oratione
500 3298 533 3351 ad
548 3296 679 3379 populans,
695 3306 817 3379 unquam
830 3294 1034 3365 προσφωνήσει.

239 3367 284 3419 24.
318 3366 409 3419 Idibus
429 3365 594 3420 Februariis.
629 3368 662 3419 eb
685 3366 735 3418 hoe
753 3368 815 3420 rade
835 3366 895 3434 die,
919 3368 952 3419 ab
975 3367 1040 3418 bora
1054 3369 1139 3431 nexta,
1154 3369 1267 3434 proptu

170 3443 329 3491 mortuorum
342 3433 481 3488 libationes
495 3450 571 3488 saara
585 3433 804 3504 instituebantur,
828 3444 856 3488 et
872 3436 1038 3502 magistratus
1057 3434 1085 3485 in
1101 3433 1265 3502 plebeiorum

170 3505 263 3560 babitu
276 3501 417 3573 prodibant
429 3521 513 3572 usque
527 3506 560 3558 ad
573 3521 599 3557 a.
614 3505 642 3558 d.
656 3505 673 3557 8
686 3504 810 3557 kalendas
825 3504 946 3556 Martias.
988 3502 1101 3556 feminae
1114 3511 1201 3555 autem
1214 3502 1264 3555 bo-

168 3583 261 3629 nestae
275 3577 417 3639 (matronas
432 3592 477 3625 eas
491 3571 602 3627 Romani
614 3584 723 3640 vocant,
746 3574 844 3626 Graeci
860 3573 1081 3638 οίκοδισποίνοις)
1097 3586 1181 3640 usque
1197 3572 1265 3625 adeo

169 3659 248 3698 curae
264 3642 396 3695 hebebant
411 3633 578 3711 pudicitiam,
594 3652 624 3695 ut
644 3658 729 3712 neque
748 3657 805 3694 cum
818 3640 972 3695 feminarum
991 3640 1155 3694 multitudine
1171 3657 1265 3693 verse·

168 3723 275 3780 rentur,
292 3725 382 3764 veram
402 3706 480 3763 etiam
500 3709 558 3764 loca
571 3711 699 3779 quaedam
713 3728 728 3763 a
742 3714 820 3764 turbe
832 3727 915 3764 vacua
931 3711 958 3763 iu
973 3710 1073 3763 balneis
1088 3719 1163 3762 extra
1174 3708 1264 3762 multi·

167 3783 285 3837 tudinem
298 3779 351 3834 sibi
365 3789 542 3845 secernerent,
558 3793 626 3848 qaae
640 3779 717 3832 etlam
734 3793 802 3833 nunc
814 3778 967 3832 matronicio
979 3787 1084 3832 vocant.
1119 3779 1170 3831 bae
1182 3778 1266 3847 igitur

167 3852 282 3905 feminae
295 3850 421 3902 honestae
433 3849 510 3901 Bruti
522 3849 640 3902 manibus
656 3851 831 3917 pareutabant
846 3849 912 3902 hano
927 3850 961 3901 ob
975 3864 1088 3901 causam.
1122 3847 1265 3900 Lucretiae

166 3920 280 3975 feminae
299 3918 400 3972 atridam
412 3916 546 3971 Romanae
562 3917 656 3971 eximie
670 3918 801 3971 formosae
820 3927 898 3986 atque
913 3919 1038 3970 honestae
1055 3914 1097 3969 iis
1114 3916 1174 3969 olim
1192 3916 1266 3969 illata

166 4007 226 4043 esse
247 3987 344 4041 dieitur
359 4005 376 4038 a
395 3986 542 4057 Tarquinio
556 3984 645 4039 ultimo
661 4001 753 4055 regum
769 3995 816 4040 aut
831 3989 864 4041 ab
883 3986 939 4039 eius
952 3985 1017 4039 filio.
1053 3985 1202 4068 Superbum
1215 4002 1264 4038 eu·

166 4067 220 4112 tem
240 4074 298 4111 eum
320 4056 430 4110 historia
449 4064 541 4124 vocet,
562 4054 636 4109 reiut
654 4052 794 4119 ἀλαζόνας
817 4055 916 4127 primus
936 4054 1005 4108 enirn
1024 4052 1070 4109 ille
1091 4063 1265 4108 instrumente

166 4143 309 4198 poenamm
323 4134 351 4179 et
364 4124 467 4178 metullo
483 4124 602 4189 invenit3
622 4130 652 4177 ut
671 4133 757 4178 autem
777 4141 811 4179 ne
830 4125 973 4177 molliretur
990 4122 1153 4178 contumeliis
1174 4140 1263 4175 eorum

166 4193 901 4334 ltcttltldtt‘uhtltd'ltlttttt‘ddl
915 4190 1264 4315 militiai

166 4332 237 4388 modi
250 4333 347 4402 herbo,
367 4333 436 4387 unde
451 4342 480 4389 et
491 4332 650 4388 audonem
661 4332 743 4389 risun
756 4333 870 4402 dicuat).
903 4332 967 4387 iude
982 4332 1131 4402 Superbum
1145 4328 1264 4398 Tarqui·
