2742 4642
353 348 402 417 ΙΝ
425 349 589 418 LIBRUM
611 349 670 417 DE
691 350 908 420 osmtns.
1105 348 1179 425 401

79 513 161 576 nihil
177 512 245 575 dico
261 510 298 573 de
313 513 381 574 aliis
392 511 545 594 iapidssms
562 512 685 573 easdem
700 514 792 595 siglas
806 511 1036 592 exhibentibus,
1058 519 1182 598 quasin

80 604 197 661 muscis
219 601 322 659 ltaliae
347 610 413 658 tum
434 600 560 679 publicis
581 609 648 658 tum
669 603 793 679 privatis
813 604 879 680 ipse
899 599 979 675 vidi3
1009 601 1091 682 qnod
1111 604 1182 663 illas

81 689 202 766 scriptis
220 706 319 766 nuper
337 681 426 743 editis'
446 685 533 743 aliter
556 686 722 765 explicatas
745 705 809 744 esse
831 684 962 745 videam.
1004 706 1183 747 coaevorum

80 782 186 831 autem
199 790 337 831 meorum
351 788 492 843 censure,
514 772 695 850 quinetiam
713 773 882 846 mentione,
904 773 963 831 nisi
982 767 1183 831 honorificen-

80 859 200 916 tissima
222 866 252 914 et
271 857 438 915 necessaria
460 853 639 932 admodum,
667 874 745 938 quae
763 875 832 914 mea
848 865 956 915 natura
976 867 1036 934 est,
1064 877 1184 939 semper

80 941 249 1001 abstinebo.

168 1045 200 1106 Ρ.
216 1024 276 1088 848
290 1043 321 1083 v.
336 1023 367 1085 4.
410 1016 488 1086 καθ’
502 1014 540 1086 od
551 1020 695 1103 φέρηται]
717 1023 761 1083 sic
775 1024 891 1083 Caseoi.
903 1023 957 1084 sed
972 1045 1041 1083 cum
1053 1023 1103 1085 hic
1116 1037 1183 1087 tum

80 1111 162 1171 inira
176 1130 207 1170 v.
220 1112 251 1171 9.
295 1105 458 1186 legendum
477 1119 530 1168 aut
551 1108 691 1191 φέρεται,
712 1117 747 1166 ut
772 1119 818 1168 est
842 1113 873 1167 in
888 1109 954 1171 cod.
971 1113 1102 1189 Veneto,
1131 1122 1183 1171 aut

80 1190 161 1260 καθ’
180 1188 218 1258 od
229 1190 269 1258 dv
282 1193 417 1274 φέρηται.
1101 1211 1107 1224 ’

168 1280 210 1338 ib.
223 1297 265 1339 “v-
289 1280 340 1341 11.
382 1277 534 1358 subruitur
552 1274 607 1355 μὶν
626 1275 758 1355 ἔφοδον]
787 1276 903 1337 caseot.
925 1278 1080 1360 πολέμων·
1102 1281 1183 1341 conf·

81 1375 186 1425 tamen
217 1384 249 1444 Ρ.
278 1361 341 1428 844
372 1365 404 1429 8.
434 1367 488 1428 21.
528 1361 590 1429 845
622 1364 654 1426 8.
703 1364 835 1422 venetus
864 1382 984 1446 quoque
1011 1364 1062 1425 hic
1092 1366 1185 1426 habet

82 1452 245 1515 stultiore.

158 1475 200 1617 ἳὶ.
214 1533 278 1601 sit
290 1552 320 1590 v.
332 1534 433 1595 8ima.
475 1540 638 1609 arrgustum
651 1529 841 1611 artificium]
865 1532 952 1592 ovid.
964 1536 1047 1595 Fast.
1065 1542 1080 1603 1
1102 1540 1184 1604 609:

232 1627 341 1679 sancta
351 1626 460 1676 vocant
475 1626 607 1695 augtssta
617 1627 739 1694 patres:
762 1628 894 1696 augusta
904 1607 1060 1679 'vocantur

291 1703 403 1782 templu
416 1703 601 1759 sacerduom
618 1703 674 1759 rite
689 1713 810 1759 sacrata
828 1723 932 1763 manu.

172 1808 204 1868 Ρ.
218 1785 279 1855 849
293 1807 323 1846 v·
338 1795 367 1851 1.
409 1784 501 1866 τέως]
524 1790 713 1845 restituamus
732 1788 909 1865 particulam
925 1786 999 1862 τέως
1012 1791 1094 1849 Actis
1111 1810 1185 1850 con-

86 1873 151 1933 cilii
169 1876 377 1933 Lateraneusis
393 1874 424 1929 in
439 1869 579 1929 leudibus
591 1872 765 1929 Constantis
780 1876 800 1934 2
816 1874 1004 1951 imperatoris
1020 1879 1039 1939 8
1061 1875 1124 1939 780
1138 1880 1184 1935 Bt

85 1954 122 2024 sd
144 1956 185 2032 οἷς
206 1953 287 2032 slede
307 1950 525 2041 ἐγκατάλειμμα
541 1959 603 2017 cciv
616 1977 647 2016 ss
660 1953 704 2029 ὥς
717 1951 792 2034 πρός
802 1953 883 2034 ἡμᾶς
900 1958 967 2036 εἰκῆ
978 1980 1009 2021 re
1022 1959 1073 2021 καὶ
1086 1955 1186 2040 μάτην

85 2042 323 2123 διαφερομένων.
365 2044 502 2119 legamus
524 2044 586 2101 eois
603 2037 691 2115 τέως,
712 2040 865 2097 romaum
889 2062 990 2100 eorum
1010 2045 1066 2124 qui
1083 2046 1187 2104 adhuc

85 2129 172 2188 uobis
185 2139 289 2185 temen
302 2147 340 2185 ac
354 2145 433 2184 vane
449 2126 666 2183 contradicunt.
712 2126 800 2182 aliter
812 2127 997 2205 interpretes.

171 2234 202 2293 Ρ.
223 2215 286 2276 850
307 2231 338 2270 s.
359 2214 391 2274 2·
434 2207 659 2289 εἰσκαθίζουσι]
690 2206 727 2267 de
748 2206 807 2267 boc
827 2212 919 2271 verbo
940 2215 1010 2272 silet
1032 2213 1064 2269 in
1084 2213 1186 2273 lexico
1217 2243 1222 2258 ·

86 2295 289 2360 Schneiderus
311 2299 357 2355 vir
377 2296 448 2354 clar.
491 2297 618 2378 occurrit
638 2295 730 2352 etiam
749 2292 830 2373 opud
847 2296 880 2356 S.
894 2300 1038 2356 ioannem
1053 2296 1187 2379 chryso·

87 2396 220 2444 atomum
242 2393 316 2441 orat.
334 2384 375 2445 88
396 2383 429 2438 in
451 2398 570 2438 crucem
589 2389 619 2439 et
638 2379 858 2439 consessionem
871 2382 1028 2447 latronis5
1050 2385 1112 2448 570
1133 2384 1187 2463 41,

87 2471 115 2530 si
127 2479 229 2528 tamen
242 2467 285 2524 ibi
298 2468 387 2525 iectio
400 2467 525 2525 sincera.

172 2553 214 2612 ib.
233 2572 262 2610 v.
282 2557 330 2615 10.
373 2545 544 2628 ταῦταμὲν
567 2543 607 2611 ἂν
627 2545 692 2626 τις]
722 2567 799 2628 quae
819 2560 1000 2631 sequuntur,
1027 2570 1124 2630 usque
1147 2549 1188 2612 ad

87 2639 179 2699 finem
194 2658 226 2717 p.
242 2636 321 2712 856,
343 2654 414 2695 cuso
426 2645 547 2695 exstant
560 2636 594 2696 iu
609 2631 658 2692 ed.
674 2631 853 2694 Schowiana
872 2636 942 2695 libri
963 2635 1001 2696 de
1020 2638 1186 2715 mensibus,

43 2823 48 2832 '
87 2745 108 2806 P
173 2808 215 2867 ib.
231 2826 262 2865 v.
279 2808 329 2870 18.
371 2800 543 2883 Muros]
566 2800 721 2880 Symbom
739 2802 806 2860 und
824 2801 1014 2882 Mythologie
1033 2804 1087 2862 der
1104 2804 1188 2864 alters
1243 2841 1250 2854 .

94 2893 214 2965 Vilior,
235 2902 258 2950 t.
274 2895 311 2966 2,
331 2892 450 2970 Lipsiae
466 2891 557 2961 1820,
572 2890 603 2962 8,
623 2906 654 2966 Ρ.
669 2890 732 2950 927
750 2898 814 2946 not·
831 2893 905 2963 132,
928 2900 1045 2963 auctor,
1068 2908 1187 2951 summo

89 2983 136 3040 vir
146 2980 266 3059 ingenio
281 2974 505 3055 eruditionisque
518 2972 755 3051 incomparabili,
776 2974 867 3032 aliato
882 2971 940 3032 hoc
955 2974 1020 3032 loco
1031 2976 1187 3055 Βίγουλος,

88 3063 123 3124 id
138 3076 184 3123 est
200 3061 343 3142 Figulus,
361 3058 523 3138 legendum
537 3077 601 3117 esse
615 3076 677 3116 non
691 3057 817 3116 infimis
834 3059 997 3116 rationibus
1011 3061 1116 3117 nititur
1130 3080 1187 3140 ep·

90 3149 227 3231 probare.
269 3145 324 3206 sed
344 3148 426 3204 enim
445 3164 477 3224 Ρ.
493 3147 554 3207 276
576 3145 619 3205 22
641 3152 686 3199 est
700 3143 732 3198 in
748 3143 771 3200 0
786 3143 953 3222 βαελλιου,
974 3141 1025 3201 hio
1041 3143 1188 3223 βικελλιος

92 3234 193 3316 (quod
206 3234 303 3312 magis
317 3228 454 3312 placet),
483 3238 514 3287 et
534 3230 566 3285 in
583 3223 684 3285 codice
698 3228 833 3286 Romano
847 3225 1045 3287 bibliothecae
1058 3231 1187 3309 Angeli-

91 3339 159 3395 oae,
182 3317 262 3378 uude
276 3315 358 3376 idem
372 3318 575 3394 fragmentum
587 3309 625 3369 de
636 3313 863 3371 terraemotibus
879 3311 1074 3393 descripserat
1087 3313 1188 3375 Scho-

89 3407 184 3478 wius,
203 3402 347 3476 Basilice.
389 3413 479 3480 atque
493 3393 578 3458 baud
590 3397 652 3455 scio
666 3415 744 3455 anno
760 3417 835 3477 opus
849 3400 888 3457 sit
900 3399 982 3456 abire
994 3418 1012 3458 a
1026 3402 1187 3478 scriptione

92 3488 239 3550 codicum.
282 3488 354 3546 alibi
367 3504 487 3568 quoque
500 3480 532 3542 id
546 3500 667 3555 nomeu,
692 3490 743 3539 aut
757 3493 837 3541 certe
851 3484 959 3559 simile,
981 3487 1107 3563 reperio,
1128 3505 1187 3543 no-

91 3576 229 3634 minatim
249 3571 330 3652 apud
351 3575 456 3630 Ioann.
476 3569 652 3647 Marangoui
665 3567 748 3625 Actis
764 3566 798 3627 S.
813 3568 939 3630 victoris
956 3571 1016 3634 160
1027 3571 1056 3628 Δ
1071 3580 1102 3629 et
1115 3571 1188 3631 Mu⁴

93 3670 180 3721 ”m
199 3678 231 3740 p'
244 3658 329 3724 ²⁰⁹⁶
352 3658 384 3721 δ’
505 3737 549 3794 u.
569 3733 710 3794 vicunt.
731 3736 772 3795 u

537 3821 744 3902 vlcttnlottv

539 3905 737 3964 LIBERTVS

521 3991 558 4050 V.
579 3994 617 4049 A.
638 3991 752 4050 XXVII

92 4077 282 4141 Viselliomm
299 4077 466 4137 Varrouum
492 4095 566 4154 gens
589 4096 606 4133 e
624 4075 862 4154 Ciceronesque
880 4071 997 4134 Valerio
1016 4072 1188 4138 Maxim08

93 4167 114 4229 2
133 4168 154 4228 2
175 4172 220 4222 est
239 4164 406 4221 notissima.

174 4267 206 4327 Ρ.
225 4251 287 4312 857
307 4247 398 4305 macr.
443 4243 501 4304 hoo
522 4241 709 4317 calendario,
731 4239 769 4301 de
791 4259 851 4321 quo
874 4242 1035 4299 sententias
1053 4241 1189 4298 maxime

95 4330 224 4394 diverses
238 4351 256 4391 a
269 4331 418 4392 salmasio
433 4329 474 4391 ad
488 4331 628 4393 Soiinum
641 4349 660 4387 a
673 4329 858 4411 Petarioque
877 4325 1004 4407 praeiet.
1018 4324 1058 4382 sd
1072 4327 1189 4385 Urano-
