2742 4642
471 290 817 365 commissurus.
1153 319 1192 369 n

89 502 162 557 runt
175 512 233 554 nec
247 492 374 556 fartam
390 503 461 557 sunt
474 513 609 578 unquam
623 496 656 554 in
674 497 783 576 vulgus
799 497 925 577 prolata.
968 507 999 558 et
1017 496 1191 564 adolescens

89 596 217 683 quidem
231 598 350 677 scripsit
372 597 412 679 1)
426 598 630 658 laudationem
644 598 742 657 Zotici
751 620 783 680 p.
793 619 824 679 p.
838 603 916 659 circa
928 619 956 659 a.
968 601 1045 680 512,
1064 615 1190 684 patrono

90 712 155 761 tam
170 701 332 780 probatam
344 711 378 759 ut
391 720 447 781 pro
461 701 589 781 singulis
603 702 737 762 versibus
751 705 884 783 singulos
903 703 1014 766 solidos
1031 726 1137 768 aureos
1152 705 1189 766 de

89 824 198 865 meuse
211 806 415 886 praefecturae
430 801 516 884 Lydo
528 814 700 865 numeraret
717 804 825 886 (vids
846 810 888 870 27
907 811 1010 887 Ρ.219
1029 808 1087 889 21)
1099 831 1190 870 reno·

90 918 161 968 vata
179 907 351 967 caracallae
367 908 399 965 in
415 909 585 989 Oppianum
600 908 816 988 Octaviaeque,
838 919 872 967 nt
888 910 1003 988 feumt,
1024 915 1057 971 in
1071 916 1106 973 P.
1119 916 1191 974 Vir·

90 1012 203 1092 gilium
223 1010 413 1071 liberalitato.
456 1010 565 1071 deinde
585 1011 627 1093 2)
647 1013 810 1069 orationem
828 1011 861 1069 in
881 1012 1003 1073 laudem
1025 1016 1192 1075 Iustiniani

92 1115 182 1194 Aug.
201 1111 338 1171 habitam
351 1132 452 1173 coram
462 1114 571 1193 legatis
583 1115 762 1193 amplissimi
773 1111 886 1175 ordinis
899 1136 939 1175 ex
953 1118 1027 1176 urbe
1041 1118 1081 1176 ad
1094 1120 1191 1178 comi-

92 1229 191 1277 tatum
205 1219 306 1277 missis
319 1215 354 1296 (8
375 1217 417 1280 28
433 1236 464 1297 p·
472 1216 535 1279 221
556 1212 620 1298 14).
645 1216 682 1276 ab
692 1217 871 1297 imperatore
881 1222 972 1278 etiam
985 1220 1113 1283 scribere
1124 1223 1191 1281 ius-
1207 1234 1237 1288 p·
1253 1233 1284 1291 ¹„1

92 1341 146 1383 sus
168 1331 214 1382 est
240 1319 282 1402 3)
302 1318 460 1378 historiam
474 1318 588 1397 prioris
609 1317 682 1377 belli
698 1322 828 1393 Perstet,
850 1319 933 1402 quod
951 1335 1124 1405 susceptum
1141 1325 1193 1384 sel

91 1425 195 1504 potius
213 1423 414 1483 instauratum
434 1421 489 1483 sub
507 1422 621 1480 lustino
636 1433 706 1501 post
717 1424 868 1503 insignem
882 1426 1012 1484 Peraeae
1028 1425 1068 1485 ad
1080 1430 1193 1486 Darem

93 1525 242 1608 oppidum
255 1524 373 1586 cladem
396 1525 410 1605 (
415 1543 445 1585 τ.
457 1526 584 1605 Procop.
597 1525 681 1583 Pers.
694 1530 709 1589 1
738 1529 775 1590 13
787 1545 834 1608 sq.
854 1525 903 1586 ed.
914 1529 989 1608 Reg.
1001 1530 1096 1590 Paris.
1111 1534 1194 1595 1662

94 1639 172 1690 tom.
189 1634 205 1694 1
222 1651 254 1711 p.
267 1626 428 1709 85—42)
449 1646 524 1708 pace
540 1638 684 1706 operante
699 1628 753 1687 illa
777 1628 831 1710 (eo
846 1630 929 1689 enim
944 1632 1057 1692 Graeco
1070 1633 1195 1691 nomine

96 1751 117 1792 a
136 1733 251 1792 Latinis
271 1751 392 1815 quoque
413 1729 582 1793 auctoribus
597 1731 787 1813 nominatur)
808 1751 837 1792 a.
851 1732 913 1799 633
927 1735 1120 1792 terminatum
1137 1743 1195 1793 est.
1280 1720 1284 1725 ’

95 1853 270 1917 quanquam
289 1856 352 1896 uon
373 1836 562 1915 exploratum
581 1830 679 1894 habeo
692 1846 869 1895 exsecutum
884 1855 955 1895 eum
970 1856 1035 1897 csse
1051 1837 1196 1918 principis

95 1935 240 1996 mandate
251 1938 394 2022 illiusque
406 1939 480 1999 belli
491 1936 649 1998 historiam
661 1957 765 1998 revera
774 1940 993 2021 perscripsisse.
1034 1958 1108 2016 nec,
1126 1957 1197 1999 cum

95 2041 129 2098 in
151 2040 219 2100 aliis
239 2042 356 2122 scriptis
375 2043 438 2102 suis
462 2039 732 2101 commemorandis
748 2043 886 2123 quamvis
900 2043 1014 2103 multus
1027 2044 1082 2120 sit,
1104 2040 1196 2102 huius

96 2153 177 2201 certe
191 2163 322 2225 usquam
334 2145 482 2203 meminit.
523 2162 581 2204 neo
593 2142 730 2203 hercules
743 2152 896 2224 tantopere
910 2164 978 2203 aem
990 2143 1197 2205 desideramus

97 2244 146 2325 (si
164 2244 257 2305 modo
276 2245 428 2305 mediocre
448 2255 549 2325 potest
571 2265 636 2305 esse
654 2246 747 2303 ullius
762 2247 903 2324 antiquas
918 2242 1059 2304 historiae
1074 2245 1197 2307 deside-

97 2342 219 2427 rium),
247 2344 327 2428 quod
344 2348 457 2406 nobilis
474 2347 563 2404 uobis
584 2344 710 2424 scriptor
729 2355 847 2424 praesto
866 2356 911 2406 est
931 2349 1113 2427 Procopius,
1142 2348 1197 2429 qui

97 2449 179 2508 libro
199 2450 387 2508 Persicorum
406 2449 504 2529 primo
524 2448 645 2528 prolixe
666 2448 738 2506 satis
760 2445 868 2507 eodem
894 2446 932 2508 de
952 2449 1034 2510 bello
1048 2470 1103 2511 nos
1121 2450 1198 2515 edo·

98 2561 177 2612 cest.
219 2562 309 2632 atque
330 2547 407 2609 haec
430 2547 554 2631 quidem
567 2548 671 2629 Lydus
685 2559 781 2608 aetate
797 2551 920 2610 ineunte
934 2572 971 2610 ac
985 2551 1103 2613 media:
1124 2574 1198 2634 pro·

97 2662 185 2714 secta
198 2672 269 2713 vero
283 2664 314 2713 et
326 2663 461 2712 extrema
477 2654 595 2733 scripsit
609 2652 659 2711 vel
674 2665 753 2713 certe
769 2656 896 2715 confecit
909 2655 974 2714 illa.

183 2757 231 2815 Dr
244 2759 406 2816 Marsmus
417 2756 545 2815 librum:
567 2764 601 2814 ut
613 2757 678 2834 ipse
692 2758 833 2838 loquitur,
853 2754 911 2840 τήν
924 2756 994 2841 περὶ
1004 2760 1111 2840 μηνοῖν
1124 2771 1193 2840 συγ-
1213 2754 1236 2821 6

98 2853 224 2940 γραφήν
236 2859 316 2918 infra
326 2878 359 2939 p·
370 2862 429 2923 179
445 2863 476 2936 7,
498 2860 562 2919 sive
575 2853 633 2939 την
644 2857 715 2940 περὶ
728 2865 835 2941 μηνοῖν
848 2862 1051 2945 πραγματείαν
1059 2862 1160 2941 Ρ.119
1176 2865 1198 2926 8

100 2969 132 3020 et
154 2980 186 3041 p·
202 2963 263 3025 169
284 2963 322 3038 7,
343 2956 380 3025 roi
401 2959 471 3045 rupi
492 2964 597 3043 μηνῶν
614 2982 646 3042 Ρ.
665 2961 726 3026 184
750 2962 790 3029 16
811 2974 842 3023 ct
863 2985 894 3044 Ρ.
908 2962 973 3030 254
994 2968 1050 3042 19,
1071 2961 1108 3028 coi
1129 2960 1200 3047 moi

99 3068 210 3145 μηνοῖν
224 3060 377 3146 γραφέντα
387 3083 418 3143 Ρ.
436 3065 497 3129 127
515 3068 560 3128 22
580 3074 611 3125 et
631 3085 663 3144 p·
677 3067 737 3129 178
760 3067 796 3142 1,
823 3062 860 3128 sd
873 3067 943 3150 περὶ
957 3071 1062 3147 μηνῶν
1074 3065 1201 3131 τεθέντα
1216 3090 1245 3144 Ρ.
1262 3087 1306 3127 ¹11

100 3187 134 3246 p·
149 3167 211 3232 128
234 3171 285 3243 17,
305 3162 341 3229 sd
354 3163 425 3249 περὶ
438 3168 545 3247 μηνοῖν
559 3187 590 3248 Ρ.
607 3166 667 3232 184
687 3171 740 3232 20.
781 3166 862 3228 huno
876 3168 1013 3229 distinxit
1034 3170 1200 3252 (qnantum

100 3289 143 3329 ex
164 3271 304 3350 epitomis
323 3267 507 3346 iudicamus,
535 3289 613 3352 quae
628 3270 711 3331 solae
731 3270 908 3351 supersunt)
938 3282 1080 3355 quattuor
1099 3274 1201 3348 tomis,

102 3371 137 3431 id
159 3383 206 3432 est
227 3374 410 3452 segmentis3
437 3374 604 3454 inscripsit,
630 3383 665 3432 ut
689 3371 798 3433 Suidas
823 3385 926 3435 auctor
946 3385 993 3435 eet
1013 3373 1062 3435 ed.
1082 3377 1201 3434 lluster.

103 3478 216 3538 tom-2
237 3495 269 3554 Ρ.
286 3478 362 3552 181,
384 3475 517 3536 Gabrieli
536 3496 568 3556 p.
590 3494 638 3557 p.:
659 3472 730 3535 vide
751 3495 842 3557 supra
862 3497 893 3557 p.
910 3497 943 3537 x.
986 3475 1094 3538 hocin
1112 3477 1201 3552 libro,

103 3576 230 3639 decurso
244 3578 336 3638 totius
350 3580 422 3637 anni
436 3581 549 3659 spatio,
572 3579 664 3638 festos
679 3579 786 3658 populi
798 3581 927 3638 Romani
941 3579 1020 3658 dies,
1043 3600 1104 3662 quo
1118 3580 1203 3660 quis-

102 3679 268 3763 quemodo
284 3700 414 3763 quamve
430 3681 467 3741 ob
483 3701 604 3747 causum
620 3684 749 3763 agitatus
763 3691 856 3758 esset,
878 3683 915 3741 ab
928 3684 1014 3743 initio
1029 3703 1129 3743 rerum
1140 3686 1204 3742 Ro-

102 3804 264 3845 manarum
284 3803 381 3866 usque
403 3782 444 3842 ad
464 3787 661 3846 Iustinianum
674 3788 846 3864 Augustum
859 3782 1018 3864 diligenter
1030 3795 1205 3866 persecutus

104 3896 171 3960 est,
197 3885 290 3968 idque
310 3907 352 3947 ex
370 3885 488 3947 idoneis
509 3890 694 3965 auctoribus,
722 3909 791 3948 cum
814 3890 937 3949 Graecis
962 3890 1119 3970 permultis
1138 3897 1204 3946 tum

104 3987 237 4063 Latinis,
265 3989 361 4048 Gavio
385 3991 496 4066 Basso,
526 3991 667 4064 Fonteio,
695 3993 855 4072 Aquilino,
884 3992 1003 4065 Cincio,
1029 3992 1204 4067 MVarroue,

103 4088 258 4164 Maximo,
279 4091 420 4167 Visellio,
440 4094 588 4172 Apuleio,
608 4095 784 4170 ltiltiessalu,
805 4095 943 4153 Cornelio
964 4093 1121 4169 Labeone,
1144 4094 1203 4154 Se·

104 4208 198 4267 neca,
219 4192 362 4270 Valente,
386 4197 550 4272 Mummio,
570 4198 699 4277 aliisque
726 4216 806 4254 nunc
823 4197 873 4256 rel
894 4198 1016 4255 omniuo
1029 4198 1204 4275 velmagna

105 4310 148 4353 cx
165 4303 253 4374 parte
270 4294 407 4378 perditis.
450 4318 543 4383 quem
564 4300 592 4361 si
613 4300 803 4381 superstitem
822 4318 887 4360 esse
907 4298 1028 4359 fortuna
1049 4300 1203 4376 voluisset,
