2742 4642
435 348 778 424 commutemus.
1109 377 1153 424 xv

50 556 196 622 credibile
214 565 275 631 est,
296 555 352 615 illu
373 555 437 615 fere
458 555 564 617 omnia
576 554 744 617 interirent.
785 552 913 632 accedit,
935 553 1018 638 quod
1029 558 1150 640 copiosa

50 671 194 742 excerpta
213 661 248 719 in
265 656 490 740 Theophylacti
507 656 665 718 historiam
683 679 725 718 ex
746 662 876 718 lounnea
891 650 998 719 tralata
1010 658 1151 725 homiues

49 764 88 825 sd
112 762 198 823 hanc
220 759 449 822 describendam
470 763 624 842 segniores
648 760 774 821 reddere
799 759 975 823 debuerunt.
1017 767 1061 825 itu
1085 750 1150 828 eius

48 865 168 927 codices
179 864 329 947 paulatim
341 874 540 941 evanuerunt,
560 874 678 946 praeter
688 862 780 924 duos:
801 862 910 924 horum
924 867 1052 927 alterum
1066 889 1148 930 saec.

49 972 88 1032 12
103 969 196 1049 epuli
207 969 288 1026 inter
298 964 404 1027 Amce
418 968 590 1027 comnenae
606 959 714 1027 monus
727 967 821 1028 fuisse
834 966 938 1044 rideo,
960 989 1037 1052 quae
1051 975 1147 1033 inter·

48 1068 120 1130 dum
138 1080 220 1131 totos
238 1070 322 1129 locos
340 1071 476 1146 loannis,
496 1081 531 1131 ut
547 1082 593 1133 est
606 1070 804 1131 sententiosas
820 1074 959 1152 scriptor,
980 1077 1147 1155 usurparit,

49 1192 159 1254 sosque
178 1171 306 1232 totidem
319 1173 420 1233 rerbis
433 1175 466 1232 in
479 1175 680 1233 narrationem
692 1173 799 1233 furtim
811 1176 963 1234 transutlit
975 1194 1077 1252 suam3
1099 1178 1146 1236 al-

47 1287 145 1336 terum
169 1277 236 1357 ipse
260 1270 446 1355 deprehendi
469 1277 548 1345 inter
573 1279 733 1338 Vaticanus
753 1274 842 1337 codd.
865 1278 994 1337 Graecos
1015 1280 1148 1339 Parisios

47 1389 246 1453 transvectos,
278 1375 382 1437 aherta
406 1380 519 1439 cariosa
539 1398 618 1438 saec.
641 1381 679 1442 13
701 1381 856 1459 scriptum.
899 1398 960 1461 quo
983 1382 1017 1439 in
1043 1380 1146 1442 codice
1162 1403 1192 1458 p.
1211 1404 1260 1443 rra

47 1500 140 1562 quem
163 1480 263 1540 solnm
287 1492 379 1564 etque
404 1500 500 1542 unum
524 1496 680 1560 superesse
706 1483 847 1558 arbitror,
869 1502 959 1563 aegre
979 1483 1044 1543 fero
1067 1483 1147 1546 nihil

46 1602 142 1665 qnam
162 1583 295 1662 primmn
315 1587 415 1665 operis
436 1581 530 1667 ripae
548 1602 706 1664 superare,
731 1604 789 1644 nec
810 1585 898 1644 illum
918 1570 1042 1667 quidem
1064 1588 1147 1647 inte-

45 1702 147 1767 grum.
188 1687 287 1766 ipsum
304 1698 456 1747 sudorem
475 1688 528 1746 alli
544 1700 613 1747 cum
628 1690 741 1746 Ioanne
756 1687 943 1749 Antiocheno
959 1687 1146 1751 scholastico

45 1786 214 1870 patriarcha
235 1788 396 1870 cpolitano
418 1787 633 1866 confuderunt,
654 1790 708 1847 alii
727 1809 797 1848 cum
815 1794 928 1851 Ioanne
942 1793 1069 1869 Mulela,
1092 1792 1146 1852 alii

45 1894 149 1970 aliter3
180 1912 238 1952 nec
265 1895 396 1973 reperire
417 1894 504 1974 potui
519 1884 579 1975 ’qui
600 1890 770 1954 distinctius
791 1892 830 1953 de
851 1895 906 1955 illo
930 1906 1032 1975 ageret
1053 1914 1147 1977 quam

43 1998 136 2056 ilenr.
149 1997 251 2058 Vales.
263 1991 313 2054 ed.
327 1996 450 2076 Evagrii
463 1998 606 2056 Annotat.
620 2016 656 2077 p.-
669 2000 748 2062 122:
769 1999 883 2080 quippe
906 1999 1059 2058 Fabricius
1079 2001 1145 2078 ipse

41 2095 188 2159 liiblioth.
201 2099 307 2160 Gneo.
320 2098 384 2159 rol.
399 2103 420 2164 6
433 2120 464 2179 p.
479 2100 544 2164 686
561 2119 632 2160 eum
645 2103 791 2159 loannem
805 2097 1026 2160 Antiochenum
1042 2104 1145 2161 nomi-

40 2210 108 2279 nat,
130 2201 304 2284 quasivero
319 2203 468 2281 Euagrius
489 2203 565 2284 (qui
582 2204 614 2260 in
628 2202 696 2261 lcco
708 2203 753 2260 ibi
768 2221 787 2260 u
799 2203 935 2260 Fabricio
949 2203 1040 2260 allato
1054 2205 1146 2260 loan-

39 2323 110 2366 nem
123 2305 261 2384 appellat
273 2305 368 2362 civem
381 2302 491 2381 suum)
512 2301 672 2363 Antiochia
685 2301 793 2378 fuerit,
814 2321 875 2361 non
889 2299 1072 2382 Epiphania.

121 2408 238 2467 Verum
256 2401 333 2464 hacc
351 2402 391 2463 de
407 2407 520 2465 Ioanne
538 2403 669 2464 breviter
689 2405 869 2484 perstrinxi,
890 2415 926 2464 ut
942 2401 1141 2485 quemadmo·
1160 2416 1182 2478 8

39 2505 112 2568 dum
127 2504 328 2567 Orientalium
339 2504 561 2587 provinciarum
576 2508 697 2569 saeculo
712 2512 734 2573 7
749 2508 911 2568 amissione
922 2506 993 2566 libri
1006 2509 1146 2588 complu-

38 2613 107 2671 rimi
133 2610 226 2673 simul
248 2611 440 2686 evanuerint,
469 2628 531 2671 uno
558 2611 700 2692 exemplo
725 2611 921 2691 explicarem.
963 2629 1021 2669 nec
1042 2614 1145 2673 minus

38 2710 115 2795 hydi
138 2713 238 2772 multa
257 2714 445 2793 exemplaria
460 2712 570 2773 eodem
582 2711 723 2773 incendio
740 2713 923 2794 conflagrare
936 2733 1059 2774 necesse
1073 2714 1142 2793 fuit,

38 2818 215 2896 praesertim
233 2814 260 2875 si
278 2826 452 2897 reputamus
470 2817 591 2897 Syriam
606 2826 637 2876 et
651 2818 843 2897 Aegyptum,
866 2825 931 2876 tum
945 2837 1064 2898 semper
1078 2828 1144 2877 tum

37 2920 172 2977 maxime
198 2926 287 2979 sexto
313 2922 502 3001 septimoque
524 2921 662 2995 saeculo,
689 2921 877 3000 receptacula
895 2921 989 2980 fuisse
1007 2922 1144 3001 magicae

36 3019 240 3102 fatidicaeque
265 3019 459 3102 disciplinae,
491 3021 742 3105 philosophisque
770 3034 801 3082 et
826 3024 984 3102 astrologis
1005 3024 1142 3099 refertas,

37 3126 176 3183 certatim
196 3126 439 3207 conquirentibus
466 3123 697 3186 mathematicos
718 3146 753 3185 ac
769 3126 937 3206 fulgurales
953 3125 1056 3185 libres.
1099 3128 1142 3185 ita

36 3228 165 3286 raritatis
181 3224 319 3287 codicum
331 3226 412 3309 Lydi
425 3229 570 3289 Arabicus
584 3229 733 3289 tumultus
748 3227 868 3290 ridetur
881 3248 940 3287 unu
953 3248 1018 3288 esse
1032 3247 1137 3305 cuusa3
1156 3253 1185 3308 p.
1203 3253 1240 3290 xx

37 3329 128 3388 altera
142 3330 291 3407 fortasse,
314 3329 397 3413 quod
414 3341 518 3393 auctor
534 3342 690 3411 suspectus
708 3342 787 3392 esset
802 3331 840 3391 de
859 3332 1022 3411 religione:
1043 3334 1142 3413 capita

36 3434 117 3491 enim
129 3435 197 3493 eius
211 3454 251 3493 ex
264 3437 433 3515 aruspicina
448 3436 633 3517 scientiaque
649 3435 786 3515 cugnreli
798 3436 892 3517 petita
905 3432 1066 3494 offendisse
1081 3433 1141 3494 ho-

36 3536 153 3594 minum
179 3536 295 3597 enimes
314 3540 394 3598 infra
413 3539 528 3618 patebit
543 3560 576 3619 p.
590 3558 662 3598 xxn
677 3549 708 3598 et
720 3558 800 3599 mr
817 3559 834 3596 e
852 3536 954 3597 Photii
971 3539 1142 3619 lacunisque

35 3635 171 3697 Caesaris
183 3639 276 3714 locis3
298 3661 376 3722 quae
391 3640 515 3723 quidem
527 3641 641 3701 invidis
656 3639 820 3724 quosdam,
842 3642 895 3723 qui
908 3642 940 3699 in
951 3642 1141 3700 monasteriis

33 3737 151 3801 codices
175 3738 402 3821 describebant,
434 3745 632 3825 promptiores
653 3745 780 3805 fortusse
806 3742 939 3804 reddidit
964 3741 1004 3802 ad
1022 3746 1140 3803 exstin-

33 3841 187 3918 guendum
208 3846 273 3905 eiua
297 3850 478 3907 memorium
499 3854 592 3930 quem
614 3845 654 3905 ad
670 3845 906 3929 propagandam.
948 3849 1036 3906 tertie
1050 3864 1140 3905 causa

34 3947 163 4005 reriuus
185 3945 323 4008 codicum
345 3949 426 4032 Lydi
446 3961 492 4011 est
516 3949 698 4031 excerpendi
720 3948 870 4027 studium,
893 3948 975 4031 quod
990 3952 1140 4007 invaserat

32 4047 177 4125 Graecos,
201 4060 235 4109 ut
254 4071 315 4134 quo
336 4058 404 4135 quis
428 4064 506 4116 esset
525 4056 624 4135 magis
644 4053 745 4114 rarius
760 4062 790 4112 et
803 4056 1012 4135 quaestionum
1028 4050 1138 4129 plenus

30 4148 123 4228 liber,
146 4171 184 4212 eo
201 4157 349 4216 maiorem
362 4156 563 4219 breviantitun
574 4158 695 4218 turham
709 4158 879 4233 ellectaret3
902 4157 954 4237 qui
967 4163 1080 4236 quanta
1097 4154 1139 4211 li-

29 4255 98 4313 teris
121 4258 235 4317 nostris
257 4257 436 4320 detrimenta
458 4264 664 4344 importarint‚
687 4281 757 4321 cum
776 4262 864 4319 factis
884 4257 1138 4329 deflorationibus,

27 4365 60 4414 ut
75 4358 204 4420 illorum
221 4362 314 4425 verbo
336 4374 421 4443 utar,
449 4366 517 4446 ipsa
542 4386 633 4447 opera
655 4367 898 4447 negligerentur,
930 4370 1000 4443 post
1021 4363 1138 4419 lustum
