2742 4642
224 353 341 423 nasu
364 354 423 422 DE
447 355 658 429 ostanus
681 356 928 426 PRAEFATIO.
1096 379 1134 427 ur

32 557 82 619 bac
94 555 247 638 religione
261 555 437 618 obstrictum
447 569 498 617 me
509 555 707 637 putavissem,
727 557 788 618 nisi
800 557 913 620 exisset
925 553 1056 642 denique
1067 559 1135 642 pri·

32 698 110 737 mum
133 677 280 737 volumen
299 677 484 737 collectionis
505 695 602 736 norae
621 679 821 757 Byzantinos.
862 697 961 755 nuno,
990 679 1135 759 quoniam

31 799 186 877 profligata
208 800 271 857 iam
293 798 405 857 Leonis
424 798 551 856 Diaconi
571 807 601 856 et
620 816 742 877 prorsus
755 794 795 856 ed
810 797 926 857 exitum
941 794 1069 858 deducta
1087 807 1134 860 est

32 921 188 998 impressio
209 916 317 998 (detur
329 919 417 978 venia
428 915 520 978 verbo
530 913 647 996 novo),
669 937 727 976 neu
743 916 873 975 multum
886 917 971 977 abest
985 920 1059 1000 quin
1070 921 1133 978 Mi·

34 1036 145 1098 abaelis
170 1038 265 1097 Pselli
286 1057 382 1120 aeque
399 1038 586 1112 absolvatur,
609 1038 756 1117 pusillum
768 1036 935 1097 laxamenti
947 1049 1052 1099 nactus
1065 1037 1133 1099 edi-
1150 1066 1179 1120 p·
1198 1065 1222 1103 ιι

32 1160 145 1217 tionem
167 1157 240 1216 libri
258 1155 390 1237 Lydiani
410 1159 497 1218 nolui
519 1158 649 1239 amplius
672 1155 808 1232 differre,
829 1177 869 1216 ne
891 1156 943 1239 (ut
958 1159 1059 1220 labilis
1074 1161 1134 1220 flu-

31 1297 148 1359 xusque
161 1287 207 1338 est
219 1297 320 1336 rerum
333 1274 534 1337 humanarum
548 1274 661 1356 status)
685 1274 832 1337 assideret
846 1277 962 1360 aliquid
972 1278 1055 1362 quod
1067 1300 1134 1340 rem

31 1400 153 1457 omuino
164 1397 392 1473 interturbaret,
412 1409 505 1480 utque
518 1399 705 1481 antiquitatis
720 1400 874 1458 Romanae
888 1397 1013 1461 studiosi
1026 1403 1133 1481 sogni-

30 1519 111 1576 tioue
128 1514 302 1596 disciplinae
318 1519 480 1598 auguralis,
502 1520 766 1601 quantulacunque
778 1515 903 1576 tandem
916 1537 957 1577 ex
968 1518 1054 1600 Lydo
1068 1521 1134 1601 peti

29 1637 144 1712 possit,
164 1656 203 1694 ne
220 1635 440 1697 fraudarentur.
481 1659 538 1698 neo
555 1648 657 1697 tamen
676 1639 797 1712 minus,
819 1635 924 1697 affecto
939 1637 1063 1720 quidem
1077 1637 1134 1700 sed

30 1770 91 1810 non
106 1753 240 1814 conferto
256 1754 399 1817 mandato
412 1759 571 1841 prioreque
583 1760 723 1838 negotio,
744 1754 948 1817 verecundum
962 1759 1066 1839 putavi
1081 1780 1134 1820 re-

31 1893 100 1933 eens
127 1887 301 1956 susceptum
321 1878 447 1936 strictim
468 1880 643 1958 transigere.
685 1878 789 1958 itaque
811 1879 967 1959 exemplar
984 1880 1134 1940 Graecum

32 2013 97 2051 eum
110 1995 176 2053 sola
191 1998 436 2077 interpretatione
453 2000 577 2074 Latina,
601 2016 679 2080 quae
695 1999 901 2058 commentarii
915 2001 1053 2078 perpetui
1063 1999 1132 2059 loeo

32 2124 122 2190 esset,
143 2116 178 2174 iu
197 2113 254 2176 has
272 2119 406 2198 pagellas
427 2119 555 2179 oonieei:
578 2117 616 2175 ab
634 2117 836 2196 explieatioue
849 2135 950 2175 rerum
966 2135 1017 2174 me
1034 2116 1133 2175 couti-

32 2236 91 2293 nui.
135 2245 209 2295 sunt
221 2255 293 2296 eane
309 2241 500 2319 quaestiones
515 2234 666 2309 infinitae,
689 2232 728 2294 ad
749 2235 909 2315 religiones
926 2235 1030 2294 ltaliae
1049 2245 1136 2293 vete-

33 2354 70 2412 ris
90 2372 257 2436 rerumque
279 2353 449 2416 divinarum
474 2355 665 2436 antiquitates
685 2356 886 2434 pertinentes,
908 2353 946 2414 da
969 2354 1077 2437 quibus
1098 2355 1136 2415 iu

31 2475 194 2554 eoeiptione
216 2475 321 2537 latiore
341 2487 431 2558 atque
453 2477 600 2537 ornatiora
615 2472 676 2534 diei
686 2476 791 2554 possit.
833 2472 890 2534 sad
906 2473 1015 2533 herum
1032 2492 1135 2534 reurm

32 2596 153 2653 umetsi
176 2613 232 2674 ego
253 2613 373 2676 quoque
395 2597 482 2677 quasi
496 2596 605 2656 silvam
619 2598 824 2676 oollegissem,
845 2614 903 2654 nee
917 2597 1018 2656 minus
1033 2614 1135 2655 rerum

32 2712 237 2772 Romanarum
263 2713 364 2774 studio
393 2733 486 2796 quam
515 2716 696 2774 Graecarum
721 2717 866 2790 oblecter,
896 2725 1000 2775 umen
1023 2716 1135 2795 partim

34 2834 243 2912 quaestionum
255 2843 289 2892 ut
304 2834 418 2893 alienas
432 2834 469 2892 ab
485 2834 652 2894 auctoribus
668 2836 860 2914 Byzantinis,
884 2835 1022 2914 aquibus
1036 2832 1137 2893 disoe-

35 2949 103 3009 dere
124 2950 247 3030 lougius
267 2954 333 3010 sina
351 2952 567 3012 inoonstautiae
587 2955 758 3033 suspicione
780 2956 866 3014 nullo
888 2951 980 3013 modo
998 2971 1133 3032 possum,

36 3066 205 3128 bominibus
228 3069 445 3131 excellentibus
464 3071 496 3130 in
515 3070 574 3133 bon
593 3092 721 3153 genera,
744 3074 903 3133 subtilibus
921 3082 952 3131 et
967 3072 1060 3130 acutis
1073 3090 1134 3130 non
1232 3112 1238 3129 .

35 3188 131 3248 miuus
153 3207 247 3270 quarn
266 3186 486 3250 abundantibus
507 3190 690 3267 eruditione,
713 3193 820 3274 quibus
841 3202 923 3251 aetas
937 3200 1039 3249 nostra
1054 3198 1135 3249 recte
1150 3212 1180 3266 p.
1197 3210 1234 3250 ru

36 3307 193 3387 gloriatur,
214 3305 385 3367 tractandas
397 3310 523 3390 reliqui:
548 3309 585 3370 da
599 3312 746 3391 capitibus
761 3314 827 3371 aliis
840 3312 966 3371 sonasse
981 3310 1040 3368 alio
1054 3319 1135 3368 tern-

35 3447 103 3506 pore
124 3428 271 3507 singulari
293 3430 402 3508 scripto
421 3429 524 3509 lingua
539 3432 700 3491 vernacula
715 3434 779 3511 ipse
796 3450 896 3510 agam.
937 3429 971 3486 in
983 3428 1136 3507 praesenti

36 3549 166 3625 primurn
189 3545 226 3606 de
244 3548 327 3608 fonte
345 3549 480 3608 instituto
506 3548 648 3612 subsidiis
674 3550 814 3610 editionis
837 3546 942 3622 huius,
966 3542 1075 3606 deiude
1094 3543 1133 3605 de

36 3668 276 3747 interpretatione
297 3671 419 3744 Latina,
441 3678 508 3728 tum
526 3667 564 3729 de
586 3668 732 3729 mirandis
749 3665 929 3750 quibusdam
945 3677 998 3725 eut
1014 3684 1134 3725 memo-

38 3787 177 3848 rabilibus
189 3789 221 3846 in
231 3786 291 3849 boe
301 3789 405 3850 libello
417 3786 507 3868 Lydi,
530 3784 661 3870 denique
676 3787 714 3848 de
727 3789 896 3868 fragmento
907 3784 977 3844 libri
988 3784 1034 3842 Da
1044 3802 1136 3842 men-

38 3909 133 3985 sibus,
156 3907 239 3991 quod
258 3930 320 3969 uua
337 3906 455 3990 prodit,
476 3915 627 3987 postremo
646 3905 683 3966 de
700 3918 840 3967 notarum
854 3923 992 3964 menum
1008 3904 1134 3977 ratione,

37 4031 142 4108 partite
158 4030 343 4112 strictimque
357 4026 466 4089 dinam.

118 4147 238 4211 Codicis
258 4150 408 4209 (laseolini
426 4167 503 4230 quae
517 4150 556 4208 eit
571 4147 654 4227 origo
670 4154 753 4204 aetas
766 4140 918 4219 eondisio,
938 4140 1049 4223 quique
1060 4139 1131 4200 fue·
1150 4138 1174 4202 2

39 4269 95 4330 rint
114 4290 216 4350 mus,
239 4271 368 4354 exposui
387 4271 422 4330 iu
443 4265 668 4348 Prolegomenis
686 4264 756 4326 libri
772 4265 820 4324 lle
832 4259 1056 4342 magistratibus
1070 4261 1135 4320 lto·
