2742 4642
480 353 731 426 PRAEFATIO.
1072 376 1154 426 mx

136 549 189 616 Ad
199 548 371 615 versionem
382 561 484 615 autem
494 553 578 638 quod
589 557 712 634 attinet,
733 555 906 633 iatecrme‚
928 558 1064 640 quamvis
1075 556 1159 619 nibil

48 674 111 717 nou
133 657 260 717 fecerim
282 657 391 716 necubi
409 675 459 716 me
480 661 608 720 auctoris
623 660 771 719 sententia
785 659 918 739 fugeret,
938 664 1035 720 vereri
1051 671 1153 721 tamen

50 780 89 820 ne
102 761 264 844 aliquoties
277 777 294 816 a
306 778 378 819 vero
391 759 600 822 ebenuverim.
645 763 757 822 etenim
769 782 830 822 non
842 783 936 843 pauca
950 764 1153 839 occurrebant,

51 881 131 944 quae
153 860 305 947 quomodo
328 862 518 941 potissimum
541 875 690 924 verterem
707 863 850 925 dubitavi.
894 866 1080 926 obscuritatis
1096 885 1153 925 au-

50 976 113 1024 tem
131 965 220 1044 culpa
234 965 344 1045 partim
356 965 430 1045 ipsis
441 967 529 1027 rebus
542 970 652 1047 partim
665 969 779 1028 auctori
790 966 964 1045 tribuenda,
987 970 1069 1029 cuius
1084 989 1153 1028 ora-

50 1071 92 1128 tic
104 1070 318 1148 perspicuitate
328 1069 453 1127 minime
464 1069 700 1131 commendetur.
743 1090 815 1129 nam
825 1081 856 1129 et
867 1070 958 1130 rerba
971 1068 1153 1151 quaudoque

50 1190 160 1251 pamm
177 1171 286 1230 usitata
299 1181 351 1229 aut
363 1171 566 1247 insolentiori,
587 1182 621 1230 ut
635 1170 712 1231 mihi
725 1171 850 1255 quidem
861 1171 1034 1248 videbatur,
1055 1174 1153 1252 signi-

50 1273 190 1333 ficatione
202 1276 374 1354 usurparit3
397 1284 431 1333 ut
442 1293 660 1356 nonuunquam
671 1277 705 1333 in
714 1273 857 1335 vertendo
869 1277 969 1355 potius
980 1294 1045 1333 rem
1054 1275 1154 1354 ipsam

51 1395 146 1459 quam
168 1376 289 1435 solitam
309 1377 470 1435 verborum
492 1377 555 1436 rim
576 1376 795 1457 respiciendam
823 1379 1001 1458 putaverim.
1043 1373 1155 1435 horum

49 1479 213 1537 verborum
225 1479 369 1560 pleraque
383 1481 416 1538 in
430 1477 529 1538 indice
544 1499 645 1538 rerum
658 1482 775 1555 notavi,
798 1479 922 1540 adiectis
940 1481 1008 1539 aliis
1020 1480 1155 1539 nonnul-

51 1580 108 1655 lis,
131 1599 208 1661 quae
230 1582 280 1640 vel
300 1585 333 1639 iu
349 1582 456 1641 lexicis
469 1601 530 1641 non
544 1583 719 1640 inveneram
734 1583 783 1642 rel
799 1584 890 1641 aliam
906 1582 944 1641 ob
959 1601 1079 1640 causam
1093 1602 1152 1643 no-
1162 1602 1317 1663 p0nxxxr11

50 1680 147 1741 tanda
169 1684 340 1744 arbitrabar.
383 1695 515 1744 ceterum
532 1686 630 1743 versio
653 1703 689 1743 ec
709 1687 806 1765 magis
829 1682 969 1743 addenda
986 1682 1153 1762 videbatur,

52 1782 136 1867 quod
154 1803 231 1866 quae
247 1786 328 1845 lectu
342 1784 433 1867 digna
447 1787 625 1866 opusculum
639 1788 821 1861 contineret,
843 1784 883 1843 ad
897 1805 948 1847 eos
964 1790 1155 1868 potissimum

52 1889 203 1967 pertinere
224 1898 361 1968 apertum
380 1899 444 1948 erat
465 1892 550 1971 queis
574 1891 669 1949 rarius
692 1908 780 1948 curae
797 1897 843 1947 est
857 1889 1037 1948 Graecarum
1050 1890 1155 1949 litera·

51 2008 120 2048 rum
133 1986 279 2050 studium.
321 1988 429 2051 eadem
442 2002 475 2051 ut
487 1991 547 2051 fida
558 1995 658 2073 magis
673 2011 765 2073 quam
777 2000 812 2049 ut
827 1991 948 2069 elegans
964 2001 1058 2067 esset,
1079 2013 1154 2072 ope-

52 2110 116 2150 ram
134 2089 224 2168 dedi,
253 2102 283 2152 et
301 2095 335 2152 in
355 2092 493 2173 legendis
512 2095 627 2172 verbis,
655 2114 724 2153 cum
744 2103 904 2174 utrumque
924 2103 1074 2173 praestare
1092 2113 1155 2154 non

51 2213 192 2276 possem,
214 2197 416 2275 perspicuitati
431 2196 526 2255 malui
543 2216 634 2279 quam
652 2194 790 2255 dictionis
805 2195 933 2253 castitati
946 2179 1111 2254 consule're.
1188 2262 1192 2271 ‚

136 2299 278 2375 Exposui
293 2297 424 2356 breviter
442 2317 519 2379 quae
534 2298 645 2358 laboris
660 2317 747 2357 meae
763 2299 837 2356 ratio
855 2296 963 2369 fuerit,
984 2294 1154 2377 quibusque

53 2395 89 2458 da
100 2397 195 2481 Lydo
211 2399 286 2458 bene
298 2401 408 2459 mereri
420 2397 597 2461 studuerim.
640 2397 783 2482 equidem
799 2397 987 2477 diligentiam
1000 2395 1078 2456 milri
1091 2417 1155 2458 non

53 2499 188 2563 defuisse
205 2502 283 2562 scio:
304 2519 366 2584 qua
386 2521 426 2560 au
445 2521 553 2582 operes
574 2503 705 2582 pretium
722 2502 863 2576 fecerim,
884 2499 1013 2559 aliorum
1028 2500 1089 2560 fuit
1102 2501 1155 2560 iu-

53 2601 173 2682 dicare,
196 2604 305 2686 quibus
319 2604 455 2665 laborem
470 2624 573 2667 meum
587 2606 702 2685 publici
714 2604 789 2663 iuris
802 2602 868 2661 fieri
884 2602 1007 2682 placuit.

136 2706 315 2770 &nomm
327 2708 482 2786 Lutetiae,
501 2709 591 2770 nonis
605 2708 682 2785 lul,
704 2724 783 2767 euno
802 2707 895 2771 1811.
