2742 4642
471 318 819 391 COMMENTARIUS.
1144 335 1205 385 su

95 522 340 612 qmdsmnulnd
355 540 391 583 sc
403 522 584 584 roluntstisr
613 518 882 594 testimonum,
904 537 966 601 quo
981 517 1071 579 imile
1087 518 1204 579 intelli·

95 632 181 711 gitur
194 624 347 697 elumodl
357 626 494 686 laborem
511 646 574 687 non
589 646 710 701 cerere,
738 625 858 687 levabat
874 626 967 704 etque
984 619 1060 682 odeo
1078 642 1204 683 emove·

95 732 151 792 bnt
161 750 234 812 spes
249 730 344 813 (quse
357 748 420 788 non
432 730 558 790 omnino
572 748 623 789 me
636 726 763 808 fefellit)
778 748 828 787 me
841 737 1028 809 reperturum
1040 726 1072 784 in
1084 724 1133 787 his
1150 746 1205 786 cc·

95 832 217 895 dluibns
234 834 372 893 ebstmse
391 833 495 914 eliqua
511 850 548 891 se
564 831 634 891 luce
646 851 710 892 non
722 831 859 912 indigne.
901 829 957 892 sed
971 832 1092 889 interim
1107 829 1204 910 depo-

94 933 200 997 nendo
213 946 279 995 eset
291 936 391 996 ornols
408 932 447 996 de
461 932 550 1017 hyde
564 936 718 1015 cogitetis.
760 954 870 1018 quere,
893 935 1038 1016 quonism
1052 936 1116 1015 ipse
1130 955 1204 995 mu-

95 1058 170 1099 nere
189 1039 279 1118 iungi
294 1058 365 1099 meo
376 1058 439 1099 uon
453 1050 607 1120 peterem,
639 1047 743 1096 suctos·
758 1038 804 1097 iul
819 1049 853 1097 ut
870 1038 949 1097 liber
963 1035 1002 1097 de
1016 1039 1205 1118 bisglstruti·

95 1141 155 1203 bus
169 1143 334 1222 sepemfirn
350 1139 507 1217 ederetur,
539 1160 671 1224 cumque
698 1138 888 1200 describendi
913 1139 1113 1222 vertendique
1137 1143 1203 1201 eius

95 1242 272 1305 crederetur
293 1242 479 1305 adolescenti
498 1244 689 1305 ernstisslmo
702 1244 862 1305 Dcmlnlco
875 1245 956 1305 Frus
964 1244 1202 1322 bierccdumn03

97 1348 152 1431 qni
162 1348 269 1408 relicto
285 1348 464 1425 (ier-menis,
493 1348 547 1409 ubl
563 1347 774 1408 felicissimum
789 1345 1129 1429 ingeniumphilologin
1145 1368 1203 1409 ex·
1219 1355 1249 1413 P·
1264 1352 1334 1393 ⁸¹¹¹

98 1451 249 1526 ucham,
267 1451 408 1512 Lutettse
430 1449 545 1532 degens
564 1451 628 1511 ism
644 1447 720 1511 dum
737 1448 816 1511 milri
837 1460 901 1511 eret
920 1451 1029 1511 officiis
1047 1470 1104 1511 usn
1128 1470 1204 1512 oon·

98 1553 258 1616 suetudine
286 1552 533 1616 iucundissimos.
585 1553 656 1631 ille,
692 1563 727 1614 nt
748 1565 794 1615 est
821 1553 930 1616 ardens
962 1564 992 1615 et
1016 1565 1134 1615 erectus
1162 1551 1204 1615 ed

100 1655 249 1720 crnsndss
264 1654 416 1720 (Ιοσιήιαι
427 1670 561 1736 uceoss,
589 1658 656 1720 sine
673 1676 759 1718 more
774 1661 932 1740 negotium
949 1661 1097 1739 suscepit:
1126 1678 1204 1740 opus

100 1758 141 1821 de
154 1762 380 1840 mgbcnubns
395 1761 562 1844 descripsit,
584 1759 768 1841 emendavit,
786 1766 893 1838 vestm
913 1763 1026 1824 librum
1040 1761 1079 1822 de
1093 1766 1205 1824 Osten-

99 1864 139 1925 tls
152 1861 232 1923 milri
243 1869 420 1927 resemrit.
462 1868 634 1927 continetur
644 1864 728 1926 enlm
740 1867 768 1927 is
783 1867 862 1927 llber
876 1869 910 1926 tn
925 1867 1075 1947 prioribus
1085 1867 1205 1946 paginis

100 1965 213 2029 codicis
228 1968 381 2029 emenoni
396 1969 455 2051 (sio
470 1971 616 2051 appellati
631 1988 674 2029 ex
684 1989 875 2049 possessore,
907 1970 993 2028 cuins
1007 1971 1136 2029 maiores
1150 1990 1204 2030 co·

98 2073 211 2131 mltum
233 2090 275 2132 on
292 2071 442 2134 carroco
464 2075 588 2133 nomme
605 2088 703 2154 usqne
721 2092 741 2131 s
762 2071 880 2133 decim
901 2074 1021 2134 saeculo
1044 2072 1204 2132 annalibus

97 2178 210 2236 nocuis
234 2174 449 2256 celebrentur).
492 2174 531 2237 de
555 2176 707 2237 emenoni
724 2176 818 2255 igitur
834 2172 947 2235 codicis
964 2176 1080 2254 origiue
1105 2185 1203 2235 estote

98 2277 279 2340 mndieione
292 2296 373 2338 nunc
387 2276 499 2340 dicem.

187 2384 330 2441 Inventus
346 2391 392 2441 est
406 2381 484 2441 circe
499 2401 528 2442 u.
543 2381 626 2448 1786
640 2391 765 2463 propter
777 2379 906 2460 cpolim,
928 2390 1064 2460 utsupra
1078 2378 1207 2442 demon—
1226 2380 1271 2444 32

99 2484 211 2559 strevi,
234 2484 427 2543 Gurucismns
443 2482 490 2564 (is
505 2485 695 2545 suburbanus
709 2494 756 2546 est
771 2482 810 2542 nd
824 2485 935 2542 fretum
948 2484 1065 2565 pogen)
1081 2487 1113 2543 in
1131 2488 1205 2546 villu

100 2586 292 2647 Constantini
304 2586 466 2662 Slutzcris,
497 2589 616 2668 petr-leil
628 2590 704 2665 viri,
725 2587 780 2647 ubi
792 2587 885 2647 libros
899 2589 1026 2647 Villoiso
1037 2598 1205 2667 pertructn-

98 2689 153 2749 bec
165 2689 431 2771 eliqusmmultos,
459 2691 571 2771 partlm
585 2711 673 2752 cusos
689 2692 798 2773 purtim
813 2710 885 2765 mss,
907 2710 949 2749 ex
966 2710 1077 2771 magne
1089 2694 1207 2752 Muclni

98 2791 324 2854 Mnnmcordnti
337 2789 521 2853 bibliothece
536 2794 723 2874 superstites.
759 2804 823 2853 eret
836 2796 920 2853 enim
933 2796 960 2855 is
974 2796 1101 2855 loannes
1114 2797 1208 2855 Nico-

97 2898 167 2957 lens
182 2893 354 2957 Alexandri
366 2897 402 2957 1³.
414 2894 670 2972 llisurocordstus,
692 2917 710 2955 e
724 2895 928 2956 Scsrlctorum
942 2909 1048 2977 gente,
1070 2909 1136 2957 turn
1149 2919 1207 2958 ex·

99 3000 225 3060 ueneno
242 2999 366 3080 ingenio
378 2996 551 3079 praeditus,
581 2997 663 3081 quod
677 3000 796 3079 scriptis
811 3001 1016 3079 compluribus
1032 2999 1207 3077 declaravit,

99 3114 168 3163 tum
189 3103 337 3163 librormn
361 3104 509 3162 rariorum
527 3111 559 3162 et
576 3113 715 3163 veterum
729 3100 894 3162 admodum
907 3100 1070 3162 studiosus·
1113 3122 1207 3185 quere

99 3226 172 3266 cnm
190 3206 269 3265 circs
284 3226 313 3265 n.
333 3206 685 3270 1722su1uuln0mrne
702 3207 735 3265 in
750 3203 894 3267 Veleclsie
911 3215 1059 3285 regnaret,
1082 3227 1100 3264 e
1110 3208 1208 3266 Grue-

100 3328 206 3369 oornm
218 3310 421 3386 monasteriis,
444 3328 523 3392 quse
537 3311 571 3370 in
585 3311 669 3370 omni
684 3311 804 3371 Oriente
819 3310 915 3368 multe
930 3326 1019 3391 porro
1035 3321 1206 3391 supersunt,
1224 3330 1253 3383 p.
1268 3327 1326 3367 bsx

98 3411 134 3471 in
150 3410 315 3472 Thessalis
328 3414 506 3493 praesertim
520 3413 597 3504 etin
614 3424 718 3473 monte
732 3411 825 3488 Atho,
840 3415 1059 3474 vetustissimos
1072 3434 1208 3496 quosque

98 3515 195 3575 libros
208 3513 318 3595 cupide
331 3518 523 3599 conquisivit.
542 3513 578 3577 id
591 3526 655 3577 eret
671 3518 700 3576 ei
713 3527 780 3576 tum
795 3516 938 3595 perfacile
952 3517 1034 3576 fectu
1050 3528 1208 3598 propterea

99 3615 188 3701 quod
206 3627 237 3675 et
256 3616 338 3698 npud
357 3631 537 3701 purpureres
558 3620 745 3702 permultum
767 3620 878 3701 gretie,
910 3621 942 3679 iu
956 3622 1088 3681 Graecos
1105 3631 1207 3679 cutem

99 3722 193 3800 longe
214 3718 382 3802 plurimum
404 3725 538 3804 potentie
555 3723 686 3783 velebet.
747 3725 790 3783 its
810 3722 896 3783 brevi
920 3733 1056 3804 tempore
1080 3742 1209 3802 mugnus

97 3825 247 3884 librorum
262 3827 366 3904 copies
381 3835 427 3886 est
441 3843 565 3906 compos
578 3826 685 3902 fectus,
708 3844 777 3885 omn
793 3827 1008 3908 impressorum
1022 3838 1089 3886 tum
1106 3828 1211 3886 mexi-

96 3945 262 3987 memnon
279 3938 490 4004 exeniorum,
520 3946 649 4010 quorum
671 3931 783 4010 purtim
805 3939 877 3989 tuuc
898 3928 1101 3989 intercedente
1120 3926 1211 3988 chrr-

100 4031 283 4091 stinnissirni
298 4033 378 4111 regis
392 4033 493 4112 legato
507 4030 683 4093 Muruhloue
698 4033 737 4093 de
750 4034 940 4095 Villeoeufee
959 4031 1111 4113 descripti,
1132 4052 1209 4113 spo·

98 4131 280 4215 grnphnque
294 4135 328 4193 in
340 4134 474 4193 Gellium
489 4133 530 4194 sd
550 4133 767 4196 bibliothecam
783 4138 910 4217 Regium
931 4139 1024 4194 misse
1039 4145 1126 4212 sunt,
1155 4136 1209 4195 ubl

98 4234 203 4295 adhuc
215 4246 383 4298 serventur.
401 4237 552 4299 eiusmodi
566 4246 637 4300 sunt
652 4237 741 4299 codd.
755 4240 807 4298 Gr.
823 4259 873 4299 no.
888 4239 982 4314 2619,
1000 4239 1094 4313 2641,
1112 4236 1208 4312 2642,

96 4338 197 4418 2668,
207 4338 304 4405 2649·
320 4342 402 4403 ooni-
419 4340 566 4403 Mdmot're
578 4341 742 4425 dolorique
756 4364 810 4403 sur
824 4343 857 4404 lu
868 4342 1082 4425 Bibliotlsdque
1093 4343 1136 4402 du
1147 4340 1210 4399 Καὶ
