2742 4642
202 341 277 393 nu
495 315 608 387 utsii
630 316 689 384 DE
711 314 871 385 tolutim
894 314 1014 385 LYDO

206 528 363 607 gmentum
374 519 408 581 iu
421 518 617 581 collectaneis
630 515 670 580 ad
686 518 800 580 calcem
816 516 923 581 000101
935 526 1050 596 exstat,
1072 513 1123 579 ed.
1136 515 1187 578 cit.
1201 538 1234 600 Ρ.
1248 520 1305 596 90,

205 648 257 689 no.
276 625 338 689 182
351 621 470 698 01183,
491 623 603 703 quique
626 624 717 683 istam
737 624 835 703 ipsam
855 620 1013 683 historiam
1028 640 1084 682 suo
1098 619 1189 682 modo
1206 631 1306 683 retra-

209 731 309 804 ctavit,
330 727 421 805 longe
432 728 519 784 aliter
529 745 593 784 rem
606 725 768 801 intellexit,
788 726 932 785 loannem
944 725 1077 806 aliquem
1088 721 1306 806 philosophum

209 820 398 914 praesentem
419 827 529 901 fnisse,
550 845 680 908 cumque
699 827 897 887 exchmesset
915 825 997 906 apud
1016 824 1251 888 llemostbenem
1269 846 1307 886 se

212 935 342 1016 reperire
362 929 536 990 vaticinium
557 926 594 988 de
613 930 687 987 clari
702 926 858 989 minodam
869 927 1001 990 hominis
1016 929 1071 989 sub
1084 928 1143 989 hoc
1154 931 1241 1010 signo
1254 931 1307 988 in·

114 1078 118 1089 .
212 1038 320 1110 teritn,
342 1053 359 1091 e
374 1032 502 1110 vestigio
518 1031 577 1111 ipsi
594 1051 659 1091 esse
676 1050 694 1090 a
708 1029 877 1112 Philippico
892 1031 1018 1092 Caesare
1029 1033 1211 1114 imperitum
1226 1042 1262 1092 01
1272 1029 1308 1091 id

213 1140 336 1217 signum
356 1131 464 1194 eodem
483 1133 550 1193 loco
572 1130 743 1210 defoderet3
763 1137 866 1214 itaque
884 1152 950 1194 esse
966 1133 1096 1211 iactum,
1113 1137 1235 1215 signum
1246 1135 1309 1193 alia

214 1243 329 1301 ratione
349 1256 411 1297 non
429 1234 561 1314 potuisse
576 1232 680 1295 deleri.
721 1229 862 1318 Ἰαᾶννης
873 1232 906 1299 tii
916 1230 1140 1316 αιςφιλὸααφὸι
1151 1254 1249 1318 φησιν
1261 1232 1310 1301 ὅτι

214 1339 258 1426 poi
276 1336 335 1421 τήν
356 1337 448 1400 θείαν
464 1329 615 1417 πρόνοιαν
626 1332 723 1414 οὕτως
737 1336 865 1419 εὑρίσκω
878 1337 912 1404 ἒν
924 1344 989 1413 ταῖς
1003 1337 1224 1431 &mudhena
1236 1357 1310 1422 our

214 1439 401 1529 γράμμασιν,
420 1433 483 1503 aiud
499 1433 610 1503 τούτου
621 1443 678 1504 τοῦ
695 1440 803 1516 iudico
820 1433 1054 1522 ἆπαατανθῆναα
1066 1439 1191 1518 ἔνδοξον
1202 1438 1310 1522 iisdem

215 1542 251 1622 ὃς
271 1543 323 1608 καὶ
345 1536 487 1625 moeniti
508 1544 553 1627 τῷ
574 1542 693 1623 βασιλεῖ
712 1544 887 1629 01110αο91
904 1536 1141 1626 πληροφορήσαι
1160 1539 1312 1607 amm

214 1651 384 1728 καταχῶσαι
398 1647 442 1730 τῷ
457 1636 540 1728 αὐτῷ
552 1644 648 1729 (odiu
666 1644 822 1723 [lambec.
837 1643 1044 1706 Animadvers.
1056 1666 1087 1726 Ρ.
1095 1648 1159 1712 210
1170 1644 1312 1706 emendet

215 1745 249 1815 si
265 1744 340 1815 ovito*
355 1742 482 1831 ζοὶδαοα]
505 1748 540 1814 ἕν
551 1753 595 1837 τῷ
606 1744 687 1832 αὐτῷ
698 1741 792 1833 τόπῳ.
833 1743 851 1812 ὃ
868 1745 921 1811 aet
938 1747 1041 1831 yiyovt
1054 1745 1106 1812 tel
1120 1745 1155 1813 sd
1169 1745 1212 1832 pei
1229 1747 1313 1830 dize-

217 1859 292 1917 σθαι
310 1848 508 1927 καταλύσεως.
549 1849 584 1910 id
604 1870 694 1911 omne
716 1868 807 1932 quam
826 1859 906 1910 recte
926 1852 970 1911 tic
986 1852 1170 1913 intellexerit
1185 1854 1243 1912 iste
1255 1871 1313 1911 au·

218 1965 295 2029 otor,
317 1951 445 2014 aliorum
466 1958 506 2015 sit
521 1952 685 2030 1011101010,
705 1972 763 2012 nec
778 1972 826 2012 res
843 1961 888 2012 est
901 1954 988 2013 tanti.
1030 1951 1089 2014 hoc
1107 1955 1207 2014 solum
1226 1952 1313 2015 dico:

218 2058 245 2117 si
257 2059 291 2116 in
303 2058 369 2116 loco
386 2056 443 2117 hoc
455 2059 549 2116 nostri
562 2076 623 2117 non
636 2056 670 2115 fit
681 2053 762 2135 Lydi
775 2058 903 2132 mentio,
924 2055 957 2115 it
976 2058 1072 2117 multo
1094 2059 1195 2117 minus
1211 2060 1246 2116 10
1265 2078 1317 2116 re-

217 2160 327 2241 liquis,
350 2160 466 2240 quoties
488 2159 622 2239 aliquem
641 2161 787 2218 loannem
811 2156 942 2219 eodinus
961 2156 1081 2234 laudat3
1102 2179 1161 2218 neo
1180 2178 1217 2218 ea
1236 2177 1317 2240 qnae

216 2261 360 2341 leguntur
379 2261 542 2319 Colleotan.
564 2278 596 2339 Ρ.
621 2263 693 2334 102,
715 2279 767 2320 no.
785 2262 866 2334 200,
897 2257 935 2319 de
957 2262 1069 2319 lcaune
1087 2259 1318 2346 διακρινομένφ,

218 2359 328 2434 καθώς
341 2355 481 2441 Ἰωάννης
496 2354 768 2441 ὅΔιααΡααόμενος
779 2357 871 2441 λέγει,
893 2362 947 2441 qui
966 2361 1040 2420 alibi
1062 2362 1115 2442 (Ρ.
1132 2364 1174 2429 97
1190 2383 1242 2423 nc.
1256 2367 1318 2430 196

55 2494 84 2547 p.
102 2489 197 2531 xxxm
220 2475 250 2524 et
266 2485 299 2545 Ρ.
310 2463 352 2525 99
366 2482 417 2522 nc·
433 2460 515 2541 199)
537 2463 647 2522 omisso
663 2463 783 2521 loannis
798 2464 921 2521 nomine
934 2459 951 2527 ὁ
964 2458 1193 2545 διακρινόμενος
1205 2463 1318 2524 dunta-

217 2574 273 2625 xat
291 2573 416 2623 vocatur
436 2556 494 2645 (de
514 2582 574 2645 quo
590 2565 734 2644 scriptore
749 2562 1125 2646 00010100010000010011
1141 2569 1317 2629 Dissertatio

219 2670 253 2728 in
268 2664 401 2727 Bandur.
417 2669 528 2748 Imper.
541 2668 724 2733 0000112
740 2687 773 2748 Ρ.
786 2664 887 2749 794),
906 2668 941 2727 in
957 2678 1095 2730 nostrum
1113 2667 1234 2753 laydnm
1246 2683 1319 2753 apte

221 2772 379 2856 quadrant.

165 2880 206 2946 15
310 2880 413 2937 Restat
426 2886 576 2957 postremo
592 2878 677 2939 locm
689 2877 809 2939 loannis
823 2876 988 2959 Scylitsae,
1009 2877 1043 2937 in
1059 2896 1120 2959 quo
1137 2874 1217 2961 Lydi
1229 2897 1321 2939 men-

222 2981 339 3040 tionem
357 2981 422 3039 fieri
441 2981 584 3060 suspicati
601 2990 671 3040 srmt
694 2981 840 3041 nonnulli
883 2981 910 3039 t·
930 2980 1061 3062 Scylitza
1077 2978 1233 3040 historiam
1246 2983 1321 3041 mli-

223 3085 290 3163 quit
304 3081 434 3142 editione
446 3081 577 3162 duplici,
595 3084 726 3163 priorem
737 3084 890 3162 vulgatam
902 3091 972 3162 post
986 3102 1014 3142 a.
1029 3082 1126 3158 1057,
1147 3103 1218 3143 cum
1230 3103 1323 3164 prae-

224 3184 320 3242 lectus
337 3195 416 3243 esset
430 3203 532 3244 sacrae
545 3185 640 3262 vesti,
662 3187 789 3245 alteram
807 3186 884 3244 circa
898 3204 927 3243 a.
942 3187 1041 3261 1081,
1062 3205 1132 3243 cnm
1147 3196 1249 3264 ageret
1263 3206 1323 3267 pa-

224 3280 292 3341 latii
314 3304 427 3343 curam.
469 3305 504 3345 ac
524 3287 656 3367 priorem
675 3288 763 3346 illam
782 3287 876 3347 ferme
896 3287 1044 3366 integrum
1058 3288 1172 3346 rettulit
1186 3288 1219 3344 in
1236 3307 1324 3347 com-

224 3384 372 3466 pendium
385 3406 474 3446 suum
486 3386 662 3449 historicum
683 3388 766 3469 (rid.
779 3392 885 3450 Harles
900 3390 979 3448 Bibl.
994 3390 1047 3447 Gr.
1063 3388 1125 3446 rol.
1140 3392 1160 3453 7
1175 3408 1207 3468 Ρ.
1219 3388 1325 3469 tam:

227 3489 349 3547 alterius
371 3485 450 3548 nihil
471 3500 516 3549 est
537 3488 636 3551 adhuc
654 3512 761 3552 cusum
779 3503 897 3572 praeter
916 3510 984 3551 eam
996 3499 1114 3570 partem
1127 3508 1204 3571 quae
1214 3494 1325 3572 prioris

227 3589 368 3651 editionis
394 3594 649 3654 continuationem
670 3597 820 3671 continet,
852 3597 988 3673 impress.
1012 3593 1107 3651 Paris.
1130 3591 1228 3669 1647,
1256 3594 1325 3670 fot,

226 3691 267 3752 ad
289 3695 403 3754 onlnem
420 3694 559 3758 Cedreni.
599 3707 754 3778 praeterea
771 3696 1021 3756 Montefalconius
1036 3693 1181 3755 Biblioth„
1196 3696 1325 3756 eoisltn.

226 3797 321 3856 Paris·
346 3797 533 3873 1715‚f01.,
560 3820 591 3880 p.
614 3801 695 3874 207,
724 3818 765 3858 ex
783 3796 884 3857 codice
905 3798 1088 3856 Coisliniano
1105 3798 1324 3877 praefationem

226 3899 363 3978 vtalgevit
385 3917 404 3957 a
426 3898 558 3981 Soylitza
579 3899 651 3961 hnic
671 3902 758 3960 alteri
779 3899 902 3960 editioni
917 3900 1093 3980 praefixam.
1135 3900 1178 3960 ibi
1190 3901 1325 3980 primum

226 4002 435 4080 improbantur
449 4002 487 4061 ab
504 4014 624 4064 auctore
639 4007 766 4063 loannes
779 4003 916 4078 Siculus,
933 4000 1064 4063 llioheel
1079 4003 1198 4063 Psellus
1210 4002 1326 4083 aliique

228 4106 386 4182 scriptores
401 4105 506 4164 aetatis
520 4106 602 4165 illius
617 4117 650 4166 ut
667 4107 764 4166 exiles
787 4116 817 4164 et
836 4105 981 4181 infantes,
1007 4115 1038 4165 et
1057 4108 1112 4186 qui
1130 4123 1178 4164 ros
1201 4104 1326 4165 maioris

228 4208 374 4264 momenti
391 4209 424 4265 in
440 4203 572 4266 historiis
585 4209 647 4267 suis
659 4209 921 4289 pmetenniserint.
962 4218 1067 4288 postea
1080 4210 1179 4286 pergit
1193 4207 1326 4287 Scylitsa

229 4303 311 4365 hunc
331 4309 363 4365 in
379 4305 518 4385 modum,
540 4310 618 4370 Bibl.
635 4310 759 4371 Coislin.
775 4331 806 4392 Ρ.
822 4314 901 4379 2081
923 4307 1014 4396 ὁγὰρ
1031 4303 1238 4390 deprome
1252 4303 1326 4372 Θεὸ-
