2742 4642
167 344 211 395 xr.
268 322 273 331 '
460 316 838 392 msuutttouttttlt
863 318 983 387 LYDO

169 546 290 589 menses
305 544 398 608 qnam
413 532 478 586 erat
490 525 623 585 Graecae
643 518 804 582 cathedrae
822 522 855 581 in
868 520 1007 601 llcllegio
1024 502 1172 579 liraneim
1182 534 1279 598 prae·

168 633 283 707 iectus,
310 633 426 690 virente
447 629 605 688 etiamtum
625 634 724 684 aetate
742 624 898 705 repentino
919 628 1080 703 oppressus
1095 621 1203 680 morbo
1219 630 1280 680 est.

170 735 256 795 cuins
274 733 381 813 optimi
393 730 634 811 sanctissimique
645 728 705 787 riri
722 729 884 786 immaturo
904 728 989 787 obitu
1005 732 1151 808 quautam
1170 726 1279 784 civitas

169 846 271 896 nostra
300 837 333 895 in
358 835 453 895 literis
481 834 628 893 lecturam
654 830 775 905 lecerit,
811 830 931 889 tametsi
955 826 1095 888 homines
1116 827 1279 895 historiam

170 958 287 1014 omues,
309 937 416 997 ubiubi
430 937 501 1013 sint,
523 936 694 1016 intelligere
711 933 847 1008 arbitror,
869 940 972 992 tamen
987 950 1056 1013 ego,
1079 929 1161 1014 quod
1173 932 1280 1011 ipsum

169 1042 252 1118 novi,
274 1038 356 1122 quod
368 1036 493 1101 domum
508 1038 573 1099 eiua
586 1038 787 1120 frequentari,
803 1032 886 1117 quod
896 1053 953 1114 per
967 1034 1084 1117 aliquot
1096 1050 1191 1095 annos
1202 1053 1280 1093 con-

169 1145 270 1203 tinuos
291 1160 468 1202 sermonum
492 1139 627 1217 auditor,
660 1140 948 1201 commentationum
965 1139 1069 1214 testis,
1106 1136 1279 1198 ttudicrum

169 1247 296 1309 mirator
310 1247 431 1321 exstiti,
461 1246 559 1305 sadus
574 1230 662 1324 potui
679 1244 807 1306 fortasse
830 1260 924 1323 qnam
943 1242 1082 1324 plerique
1093 1242 1280 1322 perspicere.

23 1374 52 1425 p.
70 1367 153 1406 sxru
170 1350 259 1409 mitto
273 1345 430 1409 hominem
445 1349 551 1428 lingua
566 1349 698 1425 Graeca,
729 1357 762 1406 ut
777 1346 881 1406 nullus
895 1361 1049 1427 unquam,
1077 1344 1208 1404 lectione
1225 1345 1279 1402 in-

170 1460 335 1525 structcm3
372 1452 460 1512 mitto
482 1452 629 1512 librorum
650 1449 874 1529 cognitionem,
910 1449 998 1508 mitto
1022 1449 1278 1527 inscriptionum

170 1554 241 1635 quis
262 1554 358 1613 literis
376 1554 488 1614 Italicis
501 1549 667 1614 eruditiori
698 1551 768 1633 qula
788 1550 820 1609 ln
842 1548 1059 1610 consuetudine
1081 1550 1214 1627 dulcior,
1243 1551 1279 1609 iu

172 1653 310 1717 docendo
326 1654 496 1736 copiosiori
538 1655 686 1718 memoria
700 1672 773 1714 raro
785 1663 871 1713 tanta
887 1663 951 1713 erat
964 1661 996 1712 et
1007 1655 1169 1714 verborum
1183 1664 1214 1714 et
1227 1672 1280 1713 re·

172 1779 251 1836 nrm,
273 1768 308 1818 ut
322 1760 424 1819 omnia
440 1777 519 1841 quae
532 1774 669 1840 unquam
683 1758 800 1838 legerat
814 1757 1012 1816 meminisset.
1035 1767 1126 1839 atque
1142 1755 1193 1816 laio
1207 1757 1278 1817 talia

170 1863 219 1921 vlr
241 1859 377 1923 discessit
392 1881 410 1920 a
426 1862 531 1937 nobis,
562 1862 665 1919 animo
687 1862 853 1919 etiamtunc
871 1861 1082 1939 vegetissimo,
1112 1878 1206 1920 annos
1221 1862 1279 1919 vix

169 1972 260 2025 natus
273 1964 330 2039 553
362 1966 596 2046 necquicquam
617 1982 657 2022 ex
680 1966 800 2043 maguis
820 1964 960 2043 operibus
976 1982 1054 2045 quae
1069 1983 1189 2024 summo
1206 1982 1279 2022 cram

169 2065 275 2126 labora
288 2077 319 2126 et
330 2065 488 2146 diligentia
501 2063 710 2140 inchoaverat,
732 2084 871 2148 quaeque
887 2070 982 2126 ritam
998 2069 1044 2126 illi
1061 2066 1153 2126 dublo
1170 2066 1278 2148 procul

170 2178 345 2249 reparatura
361 2180 460 2245 erant,
485 2170 591 2250 spatiis
605 2168 748 2227 exclusas
760 2169 874 2250 iniquis
886 2172 1057 2253 relinquere
1071 2172 1169 2250 potuit
1185 2170 1280 2229 abso·

169 2270 286 2346 lutum,
315 2269 465 2331 desiderio
485 2282 588 2330 antem
606 2268 777 2329 incredibili
794 2271 896 2332 affecit
908 2293 979 2332 curu
992 2275 1176 2333 necessarios
1194 2293 1277 2347 suos,

170 2371 311 2433 lrcmiuee
332 2394 483 2450 summos,
504 2382 572 2432 tum
590 2374 775 2452 meipsum,
794 2377 842 2433 cui
863 2377 930 2434 loco
951 2378 1044 2455 patrIs
1068 2396 1188 2457 semper
1206 2377 1277 2434 fuit.

170 2486 263 2557 atque
281 2472 319 2534 de
336 2478 408 2553 illo,
438 2477 582 2558 quoniam
601 2496 655 2557 pro
679 2478 909 2557 incomparabili
924 2481 989 2538 elus
1009 2498 1081 2558 erga
1097 2500 1147 2537 me
1164 2480 1279 2558 pietate

169 2580 256 2658 paria
274 2582 445 2659 persolvere
465 2600 602 2663 nequeo,
632 2578 717 2663 qnod
728 2600 824 2641 unum
838 2583 941 2663 potui,
971 2578 1046 2655 haec
1060 2601 1129 2639 cum
1143 2583 1278 2641 lacrimis

171 2681 288 2761 scripsi.

114 2790 156 2853 31
257 2782 423 2844 virentem
436 2784 563 2845 illustris
577 2782 615 2844 da
629 2783 790 2861 Choiseul,
822 2783 861 2844 ad
875 2807 968 2869 quem
981 2785 1111 2848 redierat
1127 2782 1207 2868 Lydi
1223 2804 1279 2845 co-

171 2883 243 2962 dex,
266 2885 430 2946 editionem
443 2907 569 2969 operum
584 2891 648 2948 eius
660 2886 738 2947 milri
754 2898 827 2947 tuuc
841 2890 963 2951 volebat
978 2892 1177 2949 committere.
1219 2906 1278 2946 ne·

172 3011 232 3073 qua
255 2988 378 3053 hercule
397 3002 461 3051 erat
481 3010 517 3051 ea
537 2992 692 3073 provincia
711 2991 810 3051 aliena
831 2995 1035 3053 arationibus
1050 2993 1143 3065 meia3
1164 3011 1277 3073 neque,

171 3097 263 3156 sirei
277 3095 550 3171 maximefuisset,
580 3113 781 3172 recusassem,
808 3115 920 3177 nempe
939 3116 979 3156 ne
1000 3094 1113 3156 diutius
1131 3096 1278 3173 scriptore

171 3196 290 3257 erudito
307 3209 426 3258 nostrae
444 3197 550 3256 literae
569 3208 716 3257 carerent.
764 3196 820 3257 sed
835 3198 943 3259 accidit
960 3219 997 3259 eo
1012 3201 1079 3279 ipso
1092 3208 1229 3276 tempore
1243 3206 1278 3255 ut

23 3313 50 3362 lt·
61 3309 155 3349 mm
172 3318 191 3358 a
209 3301 370 3379 praefectis
391 3297 592 3360 bibliothecae
614 3301 782 3381 imperialis
802 3301 938 3362 custodia
952 3304 1135 3362 Graecorum
1149 3302 1278 3358 Latino-

171 3420 300 3482 rumque
324 3399 463 3462 ondloum
482 3400 560 3463 mihi
581 3400 786 3463 mandaretur.
829 3403 913 3486 qnod
940 3405 1073 3466 officium
1095 3414 1132 3464 ut
1143 3405 1280 3484 primum

171 3507 272 3581 tenui,
303 3524 409 3566 omnes
428 3525 513 3566 ouras
535 3508 732 3586 cogitationes
750 3504 850 3568 studia
872 3506 1027 3568 adunam
1048 3526 1189 3568 revocare
1212 3526 1279 3564 rem

171 3606 319 3688 oportuit,
341 3605 540 3691 codicumqus
556 3610 742 3671 Graecorum
759 3613 895 3671 omnium
910 3610 1058 3693 proximis
1073 3610 1278 3691 superioribus

171 3709 260 3769 aunis
280 3729 321 3768 ex
342 3714 432 3772 variis
452 3713 557 3772 ltaliae
580 3712 700 3794 oppidis
722 3735 799 3797 eque
819 3715 894 3773 urbe
915 3715 982 3794 ipsa
1007 3715 1040 3771 in
1059 3711 1278 3773 bibliothecam

172 3828 384 3897 congestorum
405 3819 574 3876 notationes
599 3816 760 3893 conficere,
789 3836 852 3876 non
873 3836 953 3900 quae
972 3816 1097 3876 nomina
1120 3825 1278 3875 auctorum

171 3920 335 4001 titulosque
354 3939 479 3999 oportun
500 3917 598 3978 nudos
611 3916 774 3995 haberent,
805 3918 860 3981 sed
882 3938 960 4002 qnae
984 3929 1114 3978 aetatem
1135 3920 1278 3976 virtutem

172 4034 350 4101 argumenta
369 4020 508 4083 codicum
530 4033 666 4081 accurate
689 4021 874 4098 iudicarent,
905 4033 940 4082 ut
961 4017 1107 4103 quicquid
1130 4020 1277 4098 cuiusque

170 4128 300 4185 auctoris
323 4124 431 4185 inediti
451 4122 562 4183 editive
582 4126 616 4182 iu
635 4127 765 4206 singulis
787 4126 870 4184 foliis
894 4126 1168 4204 manuscriptorum
1187 4130 1278 4195 esset,

170 4247 232 4286 uno
253 4237 375 4306 aspectu
397 4238 636 4305 cognosceretur.
687 4229 731 4288 ita
752 4228 886 4287 imolavi
907 4227 941 4285 in
965 4224 1043 4286 lianc
1069 4242 1194 4306 operam
1217 4242 1278 4282 non

171 4328 263 4390 modo
283 4331 368 4390 iussn
389 4330 610 4410 praefectorum
630 4327 848 4408 bibliothecae,
888 4327 945 4390 sed
966 4331 1080 4409 impetu
1102 4329 1195 4386 etiarn
1218 4327 1280 4384 ucri
