2742 4642
231 388 284 437 nn
571 366 684 434 nasu
707 366 765 434 DE
789 365 996 434 ostanus

230 571 340 649 manis,
363 590 395 652 p.
408 586 463 631 axr
471 600 510 615 ·-
519 584 640 631 aum.
681 584 739 628 neo
751 568 912 651 quicquam
924 567 987 627 fera
1000 560 1077 627 mihi
1087 562 1148 626 huo
1160 560 1340 626 addendam

230 700 294 765 est,
314 690 374 748 nisi
394 687 490 766 illud,
511 710 573 749 non
591 689 686 749 multo
700 697 769 769 post
783 686 946 747 editionem
961 687 1032 746 libri
1045 689 1092 746 De
1109 685 1341 766 magistratibus

229 827 433 888 possessorem
448 806 578 883 codicis,
599 808 699 867 virum
715 807 863 866 illustrem
875 807 912 864 G.
924 804 962 863 Α.
977 801 1015 863 de
1028 802 1336 878 choiseul-Gouffier,

231 947 301 987 oum
323 923 505 988 valetudinis
530 947 620 987 causa
641 927 866 1007 Aquisgranum
885 927 1072 1001 secessisset,
1105 925 1204 985 subito
1226 924 1337 983 morbo

231 1065 408 1126 oppressum
420 1046 508 1108 bonis
523 1047 678 1121 omnibus,
702 1056 733 1105 et
746 1048 923 1125 praesertim
936 1048 973 1106 iis
988 1048 1041 1128 qui
1054 1047 1149 1105 literis
1161 1043 1336 1103 mitioribus

230 1168 318 1247 politi
339 1165 425 1243 sunl,
447 1165 651 1223 tristissimum
670 1166 718 1223 sui
738 1163 920 1224 desiderium
934 1168 1102 1248 reliquisse.
1146 1181 1336 1223 commemo-

230 1287 337 1345 rabant
362 1287 461 1345 cuncti
481 1295 511 1344 et
531 1286 605 1345 olim
623 1285 782 1363 contigisse
798 1288 827 1344 ei
841 1285 918 1346 illud
933 1286 1015 1370 quod
1031 1287 1150 1366 paucis,
1172 1295 1206 1343 ut
1221 1284 1336 1343 florens

230 1416 338 1482 aetate,
360 1407 393 1464 in
405 1424 521 1464 summa
536 1404 656 1463 for-tama
669 1414 759 1485 atque
768 1407 901 1483 potentia
916 1410 1102 1481 constitutus,
1122 1405 1217 1485 pluris
1227 1414 1335 1462 tamen

132 1542 162 1596 p.
182 1539 212 1578 rr
229 1523 321 1583 homo
338 1526 512 1604 ingeniosus
528 1544 563 1583 ac
578 1523 706 1583 disertus
726 1522 825 1582 studia
841 1536 871 1584 et
884 1529 1030 1605 ingenuas
1052 1536 1130 1585 artes
1145 1518 1236 1606 quam
1248 1524 1332 1583 bona

227 1645 281 1705 illa
300 1643 423 1703 fortuita
439 1644 538 1702 facere
557 1646 596 1702 sit
610 1645 703 1703 visus.
748 1653 778 1702 et
792 1654 864 1704 tunc
879 1665 999 1728 quoque
1012 1648 1106 1727 ipsius
1118 1650 1231 1705 iactura
1243 1664 1333 1703 com·

227 1766 328 1825 munis
344 1766 469 1844 contigit
483 1766 616 1841 Galliae,
638 1766 753 1843 patriae
767 1765 849 1841 eius,
873 1767 925 1825 ubi
940 1769 1132 1848 amplissimis
1150 1774 1212 1823 erat
1228 1760 1332 1822 hono-

227 1885 310 1945 ribus
331 1884 522 1965 perinnctns,
546 1886 713 1944 communis
733 1885 892 1962 Graeciae,
915 1889 999 1946 cuius
1019 1887 1133 1946 insulas
1152 1884 1251 1943 verbis
1271 1880 1331 1941 de-

227 2005 386 2085 scripserat
400 2005 658 2086 exquisitissimis,
680 2014 770 2084 atque
785 2002 861 2064 adeo
874 1998 1118 2085 Russiac,kpud
1130 2004 1214 2062 carius
1226 2004 1331 2081 impe·

226 2134 356 2184 retorem
372 2123 501 2182 Paulum
513 2142 624 2202 magno
638 2122 737 2182 fuerat
751 2125 835 2200 loco;
858 2125 1024 2184 communis
1039 2126 1197 2203 praecipue
1212 2121 1261 2182 his
1273 2123 1330 2203 qui

226 2255 306 2304 artes
320 2244 472 2323 elegantes
488 2232 600 2318 col'unt,
620 2242 807 2325 literatisque
822 2244 970 2320 omnibus,
991 2247 1089 2325 iisqne
1101 2244 1238 2323 inprimis
1249 2259 1330 2323 quos

225 2365 279 2423 ille
289 2383 350 2421 non
363 2363 494 2421 amicitia
506 2360 605 2421 solum
619 2359 674 2419 sed
685 2363 889 2422 familiaritate
901 2364 992 2421 etiam
1004 2381 1058 2421 sua
1070 2381 1131 2421 non
1143 2361 1264 2441 penitus
1276 2361 1331 2418 in·

227 2481 333 2563 dignos
347 2480 504 2541 iudicarat.
546 2477 708 2541 accedebat
722 2481 805 2563 quod
821 2483 925 2543 obiens
939 2484 1124 2542 luculentam
1139 2482 1257 2561 copiam
1274 2480 1330 2537 in·

223 2604 419 2682 scriptionum
441 2602 595 2678 signorum
618 2601 790 2662 tabularum
812 2600 1073 2682 anaglypham,
1107 2601 1284 2680 scriptiones
1307 2618 1328 2657 a

225 2741 292 2782 sese
309 2719 462 2780 inchoatas
478 2720 649 2800 perplures,
672 2717 848 2803 chartasque
866 2723 1009 2802 cuiusque
1026 2717 1109 2779 modi
1123 2716 1247 2779 aedibus
1263 2720 1329 2777 vil·

223 2841 323 2923 lisque
349 2838 475 2899 diversis
495 2838 643 2921 dispersas
665 2840 865 2922 relinquerem
887 2858 944 2897 nec
963 2840 1125 2919 quicquam
1137 2839 1260 2918 propius
1278 2849 1328 2898 est

223 2960 337 3020 factum
361 2977 452 3040 quam
471 2971 505 3020 ut
525 2979 577 3037 ea,
599 2981 660 3019 non
684 2961 748 3018 siue
769 2961 922 3018 literarum
944 2960 1111 3039 artiumque
1133 2956 1327 3034 detrimento,

222 3099 344 3162 prorsus
358 3076 581 3160 dissiparentur.
624 3098 797 3161 quanquam
810 3077 881 3137 huic
895 3078 1019 3160 quidem
1031 3075 1222 3137 incommodo
1236 3087 1266 3135 et
1282 3077 1326 3135 ab

222 3195 383 3257 heredibus
402 3200 483 3271 eius,
505 3199 576 3255 viris
597 3216 715 3256 summa
736 3197 881 3278 dignitate
901 3196 1060 3278 praeditis,
1082 3206 1112 3256 et
1130 3197 1168 3255 ab
1188 3193 1326 3255 admini-

223 3319 366 3377 stratione
388 3317 441 3396 (ut
453 3312 555 3393 aium)
577 3335 624 3374 res
636 3318 792 3377 interiores
805 3320 947 3376 anciae
962 3315 1256 3397 magnificentissime
1271 3326 1326 3374 at·

221 3455 280 3519 quc
304 3434 531 3514 diligentissime
555 3446 748 3513 procurante,
772 3456 926 3496 occursum
948 3447 994 3495 est
1008 3439 1065 3512 sio,
1087 3446 1121 3494 ut
1136 3438 1224 3514 signa
1237 3435 1325 3514 lapi-

221 3552 334 3635 desque
356 3555 451 3612 literis
472 3554 607 3631 insigniti
628 3572 724 3633 paene
745 3565 851 3614 cuncta
871 3558 902 3613 in
922 3574 1062 3615 museum
1075 3557 1205 3633 Regium
1218 3566 1324 3614 nan&

135 3700 166 3754 p.
183 3696 202 3734 r
218 3675 383 3746 ferrentur,
406 3668 523 3730 codices
535 3690 628 3731 manu
641 3676 745 3753 scripti
757 3675 783 3733 si
797 3677 850 3756 qui
864 3685 948 3733 erant
971 3674 1076 3755 (erant
1092 3684 1194 3732 tamen
1206 3675 1322 3754 pauci)

219 3795 252 3852 in
271 3787 486 3850 bibliothecam
503 3791 640 3869 Regiam.
683 3794 726 3850 ita
748 3790 845 3852 denno
867 3795 898 3851 in
920 3813 1027 3852 manus
1043 3813 1127 3853 meas
1141 3795 1223 3854 venit
1235 3792 1323 3873 hyali

218 3909 332 3987 codex,
374 3910 447 3969 olim
471 3910 645 3969 Caseoliuus
679 3911 741 3991 (sic
765 3912 931 3991 appellatus
956 3931 997 3971 ex
1021 3915 1119 3993 priore
1143 3932 1322 3994 possessore

216 4029 437 4110 maioribusque
464 4031 543 4105 eius,
581 4026 662 4111 quod
690 4032 833 4089 comitum
858 4030 895 4088 de
920 4031 1042 4090 caseolo
1070 4033 1193 4091 nomine
1218 4048 1322 4091 anna-

215 4147 292 4206 lium
318 4150 521 4207 monumeutis
550 4148 773 4231 celebrantur),
802 4170 882 4209 nnnc
905 4152 1028 4229 Regius.
1071 4152 1156 4210 ouius
1180 4147 1218 4210 do
1242 4170 1323 4232 spe-
1359 4180 1360 4183 ¹

216 4266 262 4324 oie
283 4284 319 4325 ao
340 4276 436 4343 statu,
457 4276 617 4352 postquam
629 4268 663 4329 in
675 4266 889 4331 bibliothecam
903 4280 1037 4331 nostram
1052 4270 1155 4332 illataas
1173 4280 1237 4348 eat,
1259 4272 1321 4331 etsi
