2742 4642
534 272 778 343 PRAEFATIO.
1126 299 1213 355 hm

107 477 149 539 ἀι
160 475 233 537 looo
244 470 333 546 sciri,
355 489 417 533 non
431 474 497 537 erui
511 469 635 537 aliunde
649 493 754 556 posse,
775 491 948 560 qumquem
963 473 1081 541 divitae
1097 475 1212 545 buma-

106 613 223 678 nmque
239 595 323 674 leges
338 590 513 674 diroiplinss
528 593 689 675 mligioues
705 597 780 659 ritus
799 593 939 661 historias
956 606 1110 680 veteram,
1132 620 1211 686 qua-

106 726 195 777 tenus
209 713 306 775 literis
327 730 432 775 eorum
446 710 539 777 hodie
557 716 765 793 continentur,
786 716 880 799 probs
893 725 1001 781 teneas
1018 718 1031 800 (
1039 724 1159 784 umeci
1173 725 1210 785 in

106 835 242 897 virorum
258 833 304 894 sio
317 829 479 933 'doctorum
496 853 623 897 numero
634 835 762 897 minium
774 855 832 917 ego
844 855 897 903 sne
908 838 1061 921 ponsm):
1080 844 1108 903 si
1124 863 1162 903 ea
1176 854 1211 904 te

107 956 212 1017 omia
225 951 376 1032 deserunt,
398 973 459 1037 quo
473 951 651 1035 contagiosi
672 956 726 1038 qui
737 957 836 1037 possis
850 957 971 1019 eriolsri
983 974 1060 1041 quas
1074 980 1211 1023 erenae-

106 1072 191 1135 rinti
219 1076 279 1152 ita,
305 1074 377 1134 lioet
398 1075 566 1155 plurimum
577 1076 617 1135 sit
631 1077 776 1158 temporis
793 1095 876 1139 ame
891 1078 926 1139 ia
939 1074 999 1139 hoo
1017 1080 1211 1159 potissimam

105 1195 278 1275 fragmento
291 1191 475 1257 restituendo
493 1203 719 1275 consumptum,
739 1213 801 1255 non
819 1204 922 1257 tamen
936 1197 1063 1261 arbitror
1076 1202 1211 1269 multtum

105 1334 158 1373 me
181 1314 361 1395 profecisse,
382 1312 462 1377 illud
485 1332 581 1374 unum
600 1315 794 1393 pronuntiare
814 1333 905 1379 ausus
914 1358 928 1392 ‚1
946 1334 1002 1377 me·
1011 1336 1123 1399 magno
1136 1340 1211 1385 cam

106 1436 229 1513 labore,
251 1433 423 1515 diligentia,
444 1435 633 1496 contentione
649 1435 744 1497 animi
760 1454 795 1495 ea
808 1435 842 1494 in
854 1455 886 1495 re
900 1454 966 1499 esse
981 1449 1144 1509 versutum.¹

192 1560 230 1618 ln
252 1557 348 1632 uotis,
370 1574 439 1617 oum
460 1551 500 1615 ad
522 1554 644 1617 ostentu
662 1564 730 1617 tum
753 1552 793 1614 ad
810 1555 1013 1636 lrsgmemum
1026 1560 1073 1620 n.
1087 1561 1204 1622 md.
1224 1559 1266 1625 12

107 1677 184 1754 bas,
205 1696 268 1737 uno
292 1677 358 1741 solo
378 1676 445 1739 looo
464 1675 585 1755 longius
601 1674 668 1735 fare
692 1695 785 1758 quem
801 1677 942 1741 volumtas
962 1679 1020 1740 fuit
1042 1678 1135 1760 (narn
1148 1700 1210 1761 po·-

108 1800 236 1859 tnissem
257 1816 354 1878 poena
378 1797 411 1857 in
433 1795 561 1876 singuiis
580 1795 724 1873 vocibus)
745 1800 935 1879 aproposito
952 1819 1022 1860 sum
1038 1798 1207 1880 degressus,

107 1938 139 1999 p·
153 1921 216 1982 393
231 1936 300 2000 sqq.
324 1917 379 1979 ubi
398 1916 448 1997 egi
466 1913 504 1977 de
524 1917 608 1979 vasis
619 1916 845 1996 significatione
864 1918 948 1979 verbi
970 1911 1103 2001 ἆρχιιός.
1145 1921 1207 1981 alio

106 2038 175 2099 loco
195 2037 385 2097 institueram
407 2034 504 2094 dicere
526 2032 563 2094 de
586 2032 741 2096 codicibus
761 2037 911 2118 modptis
929 2036 1129 2099 bibliothecae
1144 2041 1209 2100 lte-
1221 2056 1251 2114 p·
1270 2057 1340 2097 xxiv

106 2159 188 2238 gine.
231 2158 342 2216 etenim
360 2175 430 2216 cum
446 2155 586 2236 egregius·
599 2156 786 2237 antiquitatis
809 2153 923 2215 vindex
940 2159 1076 2238 Angelus
1096 2161 1206 2240 llains,

104 2287 176 2338 tum
196 2297 268 2339 casu
287 2287 318 2337 et
334 2274 477 2334 felicitate
496 2285 563 2334 tum
582 2275 718 2334 maxime
739 2274 801 2334 aori
823 2284 914 2358 atque
935 2286 1047 2338 sitente
1068 2275 1208 2342 codicum

104 2397 376 2458 Ambrosianorom
390 2394 640 2476 perscrutatione,
661 2403 706 2455 tot
719 2403 855 2456 veterum
871 2414 961 2477 opera
975 2398 1009 2456 in
1023 2399 1208 2463 membranis

103 2517 310 2597 palimpsestis
330 2516 453 2575 latentia
475 2511 739 2596 deprehendisset,
767 2535 804 2575 ee
826 2515 864 2576 ab
890 2518 1012 2577 interita
1030 2518 1207 2580 mirabiliter

103 2635 259 2697 vindicata
274 2645 390 2695 tantam
406 2636 659 2715 exspectationem
676 2635 840 2695 attulerunt
856 2645 978 2716 repente
995 2638 1150 2714 omuibus,
1171 2647 1207 2698 at

104 2776 179 2816 oum
199 2756 312 2837 ubique
332 2765 397 2815 tum
418 2764 496 2815 certe
516 2756 638 2816 Parisiis
657 2754 691 2814 in
710 2750 893 2815 bibliotheca
913 2765 1033 2831 nostra,
1066 2758 1205 2838 antiquos

104 2877 258 2957 utilesque
277 2875 370 2936 libros
389 2876 464 2935 item
484 2872 657 2937 delitescere
674 2875 905 2956 suspicarentur.
947 2884 1129 2957 quapropter
1141 2895 1203 2935 uon

104 3000 212 3078 putavi
227 3016 292 3057 esse
310 2996 442 3055 ebenum
455 2993 562 3056 studiis
575 2997 652 3056 meis
666 2996 806 3075 colligere
821 3013 899 3076 qaae
913 3005 944 3054 et
957 3014 1015 3054 usu
1029 2993 1205 3075 quotidiano

105 3113 263 3193 codicum,
286 3124 316 3175 et
330 3113 485 3196 diligentia
500 3133 591 3196 quam
605 3134 623 3174 a
636 3134 685 3173 me
700 3116 867 3194 exspectari
887 3116 1021 3173 maxime
1036 3123 1126 3193 puto,
1147 3135 1206 3196 po-

105 3237 219 3295 tuerim
236 3236 301 3296 eius
314 3237 432 3314 generis
445 3237 478 3292 in
491 3231 642 3293 codicibus
658 3233 779 3293 Graecis
796 3230 896 3293 adhao
917 3236 1108 3314 investigare.
1151 3255 1205 3294 ea-

105 3375 169 3437 que
183 3356 292 3415 eratin
306 3356 406 3414 annno
420 3351 598 3430 subiungere
610 3351 700 3411 notis.
741 3361 845 3430 postea
858 3373 941 3427 vero,
963 3373 1032 3412 cum
1045 3355 1077 3412 in
1091 3356 1205 3415 molem

106 3477 179 3536 iusti
192 3475 355 3535 voluminis
370 3470 503 3532 viderem
516 3488 705 3544 excrescere,
727 3472 821 3530 setius
842 3469 918 3532 duxi
933 3475 1067 3535 conferre
1080 3477 1112 3534 in
1129 3476 1205 3536 sori·

106 3596 243 3676 ptionem
262 3594 463 3673 singularem,
485 3609 578 3673 quae,
599 3597 634 3648 ut
653 3607 756 3669 spero,
775 3589 953 3672 propediem
969 3593 1121 3673 prodibit,
1141 3614 1205 3654 non

106 3733 168 3796 quo
193 3711 316 3773 credam
338 3733 374 3772 ea
393 3731 458 3772 esse
475 3711 565 3786 tanti,
595 3707 704 3769 sedne
724 3710 758 3767 in
776 3730 808 3768 re
827 3729 905 3792 quae
922 3731 1003 3773 nuno
1018 3716 1153 3774 maxime
1171 3715 1206 3773 in

106 3829 257 3892 desiderio
272 3832 374 3892 estrei
387 3831 524 3912 publicae
538 3829 686 3889 literariae
699 3828 792 3911 inque
804 3849 855 3892 oce
870 3842 900 3891 et
911 3835 1205 3909 sennoneomniunq

105 3970 162 4012 nos
186 3952 245 4012 soli
267 3952 406 4026 Parisiis,
433 3947 615 4009 bibliotheca
634 3948 839 4028 copiosissima
856 3970 892 4010 ao
915 3949 1052 4013 codicum
1070 3952 1206 4012 refertis-

105 4072 202 4147 sima,
224 4069 367 4131 desidiosi
386 4072 555 4151 inertesque
578 4089 643 4130 esse
662 4067 831 4130 videamur.
872 4090 978 4130 veram
1000 4081 1035 4131 ut
1058 4068 1098 4130 ad
1117 4081 1205 4131 notas

104 4203 254 4266 revertar,
274 4193 303 4252 si
323 4189 445 4272 quando
464 4190 509 4250 ibi
524 4190 625 4251 locum
639 4191 690 4250 rel
706 4190 871 4271 interposui
886 4192 1014 4252 tuotone
1030 4188 1136 4252 inediti
1152 4192 1203 4254 vel
1218 4214 1249 4271 p.
1263 4209 1323 4251 xxv
