2742 4642
142 293 204 345 vm
438 272 550 343 nisu
573 272 631 341 DE
654 270 812 345 IOANNE
835 273 956 341 LYDO

145 484 282 556 receptus
303 473 380 534 circa
397 492 511 534 annum
524 472 604 553 ota,
626 485 660 535 nt
679 473 815 551 ridetur,
838 475 973 533 celeriter
983 488 1046 534 non
1059 469 1098 532 ad
1112 472 1245 537 notario·

144 575 236 637 modo
254 577 457 656 praefecturae
476 581 645 658 perveniret
664 576 719 638 aed
735 576 775 636 ad
788 578 930 656 pecunias
948 578 1039 637 etiam
1052 596 1244 657 permagnus,

144 676 319 760 solidosque
343 699 449 741 aureoa
473 679 629 739 conficeret
649 699 666 737 e
685 698 812 739 munere
834 698 888 739 auo
904 681 993 740 nniua
1007 680 1079 739 anni
1091 682 1187 759 spatio
1204 679 1246 740 ad

144 781 249 856 mille3
281 777 374 863 idque
395 785 472 843 iuate
493 802 528 841 ac
547 783 700 860 legitime,
732 780 987 863 quemadmodum
1007 782 1073 860 ipsa
1094 792 1247 841 amaverat

63 899 91 954 p.
109 895 129 936 r
146 886 166 948 3
188 886 231 947 27
252 902 283 962 p.
299 885 362 948 219
384 887 435 950 19.
476 904 534 943 neo
551 887 652 942 minua
666 882 822 943 commode
836 886 864 943 ei
878 881 985 945 cecidit
999 880 1081 964 quod
1091 884 1123 940 in
1137 881 1247 945 eodem

148 984 247 1045 officio
259 996 325 1044 tum
338 988 446 1067 agebat
457 986 600 1067 patmelia
615 987 680 1045 eiua
694 988 890 1062 Ammianus,
911 986 995 1045 onitu
1008 986 1139 1046 consiliio
1154 998 1247 1070 atque

147 1088 255 1150 officiis
270 1097 301 1146 et
316 1089 391 1150 aliae
409 1109 498 1169 saepe
521 1107 593 1148 uaua
607 1097 652 1147 eat
668 1098 699 1147 et
715 1090 848 1147 maxima
863 1090 896 1146 in
911 1085 1046 1147 ducenda
1064 1106 1160 1147 uxore
1180 1100 1247 1149 tum

146 1191 266 1271 copiosa
280 1187 374 1272 (dotia
388 1189 530 1251 videlicet
543 1202 664 1249 centum
677 1190 823 1249 librarum
837 1189 915 1270 auri)
927 1200 995 1249 tum
1007 1190 1098 1248 etiam
1108 1192 1246 1271 probata,

146 1298 238 1375 quas
254 1295 296 1359 28
310 1295 408 1372 pm
425 1297 445 1357 6
458 1304 549 1373 negat
563 1295 726 1374 quicquam
736 1293 829 1352 fuine
842 1295 962 1353 caatiun
983 1290 1116 1352 ascendit
1124 1295 1248 1354 interim

146 1392 187 1454 ad
206 1395 297 1474 primi
320 1392 492 1454 chartularii
509 1397 627 1471 locum,
648 1414 759 1474 magno
778 1392 909 1470 honore,
930 1414 1028 1476 neque
1041 1413 1190 1475 unquam,
1211 1407 1248 1456 ut

145 1501 167 1562 8
184 1501 227 1562 27
241 1519 272 1577 p·
281 1499 344 1561 220
360 1499 381 1560 2
399 1499 510 1574 scribit,
524 1499 580 1557 ulli
593 1495 708 1573 habito,
722 1495 804 1578 quod
816 1495 966 1556 adiutores
979 1499 1103 1556 actuarii
1113 1496 1153 1556 ad
1165 1496 1248 1557 huno

147 1596 275 1678 gradum
306 1608 515 1677 promoventes
546 1618 618 1658 eum
647 1600 727 1659 ultro
752 1600 907 1677 elegerunt
927 1597 1171 1682 stipendiumque
1190 1621 1249 1659 an-

147 1719 245 1760 nuum
264 1702 479 1761 constituerunt
498 1699 663 1761 ualidorum
682 1701 741 1777 24,
763 1698 887 1760 adlecti·
905 1699 1022 1761 duobus
1042 1702 1126 1780 aliia,
1147 1704 1248 1783 iisque

147 1803 285 1878 senibus,
315 1804 368 1885 qui
386 1804 514 1883 pecunia
540 1804 641 1863 oblata
664 1802 748 1862 idem
769 1821 880 1863 munna
901 1804 1101 1864 obtinuerant.
1142 1802 1248 1885 idque,

78 1981 82 1991 Ι
149 1906 214 1966 aire
226 1906 322 1966 Zotici
334 1926 366 1986 p.
379 1924 410 1986 p.
426 1907 490 1965 aiva
503 1906 580 1966 aliua
594 1907 760 1987 cuiuspiam
766 1904 850 1986 Lydi
864 1909 982 1986 patroni
994 1910 1090 1987 gratia
1102 1908 1248 1967 tributam

148 2007 178 2067 ei
198 2018 262 2085 eat,
290 2006 372 2091 quod
390 2011 539 2088 auspicor,
570 2029 626 2069 aen
647 2028 735 2084 vere,
763 2006 846 2089 quod
868 2010 933 2089 ipae
950 2011 1015 2069 vult
1035 2010 1180 2088 intelligi,
1207 2009 1247 2070 ob

64 2159 74 2171 .
146 2111 271 2192 liuguae
285 2113 411 2171 Latinae
423 2112 589 2192 perfectam
600 2111 772 2186 amentiam,
795 2107 832 2168 de
849 2130 909 2193 qua
921 2114 1079 2191 praecipue
1090 2113 1247 2190 gloriatur,

148 2222 180 2272 et
195 2215 318 2273 omnino
333 2213 371 2273 ob
385 2214 585 2291 multiplicem
599 2213 664 2268 eiua
678 2209 862 2288 doctrinam,
883 2232 945 2272 non
958 2214 1056 2272 aolum
1071 2211 1247 2272 honorabile

148 2314 255 2373 elicuit
275 2312 330 2374 aed
352 2315 444 2372 etiam
459 2322 682 2394 quaeamoaum.
725 2331 797 2370 nam
809 2323 928 2393 praeter
938 2315 1123 2393 pemonalia,
1146 2315 1248 2394 quoti-

151 2412 256 2491 diana,
279 2417 501 2495 suggestiones,
523 2434 598 2496 quaa
612 2415 816 2475 conaeribebat
830 2419 950 2476 nomine
963 2413 1149 2490 adiutorum,
1171 2435 1248 2496 ope-

150 2534 199 2576 rae
221 2527 250 2577 et
271 2519 395 2578 notariia
418 2519 500 2576 etin
523 2527 637 2578 aecreto
660 2518 865 2598 praefecturae
880 2517 1099 2596 exceptoribus
1120 2535 1247 2596 magnac

151 2615 234 2677 dedit
255 2617 305 2700 (v.
321 2618 399 2683 ina
420 2624 462 2685 27
482 2640 513 2701 p.
528 2622 591 2684 220
611 2620 685 2701 20),
707 2623 810 2702 sicque
827 2622 853 2679 ai
870 2621 971 2679 minua
985 2618 1134 2698 publicae,
1154 2619 1247 2678 fami·

147 2721 218 2780 liari
230 2730 309 2780 certe
325 2722 369 2780 rei
384 2721 620 2803 compendioque
634 2744 691 2784 auo
707 2723 840 2781 maxime
852 2722 966 2780 aerriit.

111 2826 132 2887 3
237 2826 282 2884 Ac
299 2821 444 2883 hactenus
465 2822 588 2904 quidem
607 2827 709 2884 omnia
723 2827 752 2882 ei
765 2842 805 2881 ex
819 2825 983 2883 cantantia:
1004 2840 1109 2884 verum
1129 2819 1251 2883 ridetur

60 2921 88 2975 P·
106 2921 137 2962 '¹
154 2923 338 2987 condicionis
357 2927 422 2986 eiua
441 2929 633 2987 commutatio
650 2946 715 2985 eoae
730 2926 809 2984 facta
825 2936 893 3006 post
906 2940 938 2984 a:
947 2924 1025 3001 518,
1048 2943 1108 3006 quo
1119 2927 1250 2985 Anmta-

150 3028 215 3088 aiua
226 3029 380 3108 Auguatna
394 3039 522 3088 mortem
537 3030 628 3106 obiit,
648 3028 699 3087 vel
712 3038 834 3109 propter
849 3039 1043 3109 patrononun
1056 3037 1184 3088 mortam
1197 3049 1248 3088 re-

151 3148 307 3191 oeaaumve
332 3150 351 3189 a
376 3152 408 3190 re
432 3133 569 3212 publica,
594 3131 643 3191 vel
664 3128 746 3210 quod
763 3128 844 3211 apud
863 3140 1000 3210 potentes
1019 3128 1157 3190 hominen
1174 3131 1248 3191 aub-

38 3266 44 3275 ,
151 3230 294 3308 offendit,
314 3235 365 3292 vel
384 3232 466 3316 quod
485 3236 539 3294 auh
559 3235 725 3294 Iustiniana
745 3233 883 3292 universa
903 3233 1089 3313 praefectura
1103 3252 1248 3292 mnourau

153 3335 358 3394 calamitatum
373 3338 513 3419 malaque
527 3335 716 3419 quorundam
736 3333 991 3394 administratione
1007 3336 1185 3395 labefactata
1201 3347 1247 3397 eat

152 3445 244 3519 atqua
260 3439 412 3498 convulsa.
455 3441 497 3497 ita
515 3457 634 3499 ouraum
649 3434 774 3519 quidem
788 3437 955 3497 officiorum
970 3448 1049 3497 recte
1061 3440 1171 3514 tenuit,
1190 3439 1247 3499 sub

150 3537 309 3617 praescotia
325 3550 420 3619 praet.
440 3538 505 3617 hia,
537 3542 654 3600 Marino
674 3541 752 3621 Syro
776 3558 804 3597 a.
829 3539 909 3616 619,
936 3541 1074 3619 Appione
1097 3542 1247 3621 Aegyptio

152 3644 262 3718 a.520,
284 3640 486 3702 Demosthene
500 3662 527 3701 a.
536 3643 597 3708 521
620 3642 726 3725 (quem
737 3640 872 3705 laudata
893 3640 935 3705 42
953 3638 1054 3723 pato
1073 3641 1120 3724 3),
1141 3641 1248 3703 Theo-

153 3739 227 3803 doro
242 3756 273 3803 et
285 3743 433 3804 Archelao
447 3765 475 3803 a·
489 3743 569 3821 524,
593 3748 683 3805 Mena
698 3764 726 3802 a.
743 3745 822 3820 528,
842 3744 964 3803 Atarbio
980 3762 1009 3803 a.
1025 3744 1105 3820 529,
1129 3745 1248 3804 Iuliano

153 3853 184 3903 et
202 3848 314 3905 Ioanne
333 3845 510 3927 cappadoce
532 3866 560 3905 a.
584 3847 662 3922 580,
691 3844 792 3907 Phoca
812 3857 844 3905 et
861 3849 957 3905 Basso
978 3864 1006 3903 a.
1029 3844 1109 3921 683,
1134 3849 1246 3905 Ioanne

153 3946 330 4027 Cappadoce
353 3950 463 4008 iterum
484 3967 512 4007 a.
533 3947 613 4024 534,
642 3945 802 4008 Theodoto
822 3968 851 4007 a.
871 3946 951 4021 541,
982 3948 1072 4007 Patro
1093 3950 1246 4025 Baraame,

153 4050 201 4108 Fl.
222 4052 317 4130 (tyro,
337 4046 524 4125 Areobindo,
546 4051 699 4125 Gabriele,
721 4048 883 4126 Diomede,
905 4046 1093 4129 Hephaeato,
1118 4051 1245 4130 aliisque

152 4152 326 4232 pennnltia,
348 4150 429 4233 quod
445 4154 641 4231 luatinianua,
662 4162 697 4212 ut
711 4153 774 4211 fere
789 4154 838 4229 tit,
860 4149 1007 4212 exhausto
1020 4156 1132 4213 aerario
1146 4173 1247 4212 mme-

153 4254 254 4331 dinm,
276 4253 358 4336 quod
371 4255 403 4313 in
415 4252 618 4316 moderatione
634 4264 698 4315 erat
714 4275 750 4314 ao
765 4256 965 4335 parcimonia,
986 4257 1018 4314 iu
1035 4256 1137 4315 crebra
1150 4275 1246 4338 quae·
1364 4296 1366 4337 4
