2742 4642
183 273 229 343 12
596 268 769 339 IOANNIS
793 268 896 336 LYDI

174 442 408 530 βουλευομίνοις
417 447 479 513 δεῖ·
495 444 548 511 διὰ
563 450 653 513 τοῦτο
669 443 703 510 ἔκ
711 449 767 528 τῆς
773 444 842 531 περί
856 440 913 527 τὴν
921 439 1009 529 σιγὴν
1021 441 1158 525 σπουδῆς
1172 438 1290 528 (σελίν-

175 576 241 615 τιον
257 551 289 615 δ’
310 550 406 635 αὐτὴν
420 551 554 636 πατρίως
575 548 741 630 καλοῦσιν)
760 549 977 633 σιλεντιαρίους
993 545 1114 633 ίκριναν
1130 545 1289 629 ὀνομάζειν

176 652 298 731 αὐτοῖς.
323 652 445 720 πάντων
461 654 496 718 δὲ
511 652 619 736 σχεδὸν
636 648 1039 738 ίναλλαγίντανδιίμεινετδ
1053 656 1110 714 τοῦ
1124 651 1287 735 λεγομένου

175 760 346 843 μαγίστρου
366 754 552 846 φρόντισμα.
603 757 742 822 ἐπείθετο
767 756 801 820 δὲ
825 756 909 844 αὐτῷ
928 752 1014 832 τάξις
1035 779 1083 831 τις
1100 752 1287 837 πεντήκοντα

176 863 230 927 τὸν
246 858 384 948 άρεθμδν
399 860 539 946 ἀνδρῶν,
572 860 608 926 οῖ
624 856 862 948 φρουμεντάριοι
878 862 930 923 καί
948 860 1112 946 κουρίασοι
1128 867 1316 944 προσηγο-5

176 962 300 1052 ρεάοντο
316 959 382 1030 οίον
396 970 521 1030 σιτῶναι
536 965 587 1028 καί
602 966 770 1050 περίεργοι·
791 966 842 1027 καὶ
859 962 888 1027 oi
902 962 959 1045 μὲν
975 969 1099 1028 σιτάναι
1117 969 1172 1045 τῆς
1187 961 1287 1046 εὔθη-

175 1071 244 1145 νίας
261 1074 323 1135 τῶν
338 1068 370 1134 ἓν
386 1073 432 1157 τῷ
445 1069 585 1158 παλατίερ
601 1067 789 1150 ἀντείχοντο,
817 1066 847 1133 ni
864 1067 899 1132 δί
913 1068 1064 1155 περίεργοι
1081 1062 1211 1151 ἡγοῦντο
1229 1070 1287 1132 τοῦ

177 1172 327 1256 δημοσίου
343 1169 476 1261 δρόμου.

281 1274 343 1344 27.
393 1269 618 1363 κλαβονλάριος
639 1269 840 1360 άχηματικάς·
875 1268 992 1357 κλάβον
1016 1269 1077 1359 γάρ
1108 1269 1163 1337 τὸν
1193 1268 1285 1338 οῖακα

177 1385 334 1445 καλοῦσιν.
863 1368 866 1373 ”
1294 1384 1332 1438 10

78 1515 105 1567 ρ.
126 1498 162 1555 12
282 1482 344 1571 28.
392 1477 499 1567 βῆλωξ
516 1476 605 1560 άξάς,
638 1477 674 1558 br
692 1481 744 1547 καὶ
759 1477 977 1568 βεραιδαρικδς
990 1476 1035 1544 ἴτε
1055 1480 1106 1544 καὶ
1127 1482 1182 1543 νῦν
1198 1476 1284 1563 λίγε·

175 1611 238 1651 τοι.
287 1586 452 1672 βεραίδοος
475 1586 509 1650 δὲ
520 1584 648 1663 Ἰταλοῖς
671 1582 747 1651 εἶναι
769 1587 856 1650 δοκεῖ
872 1582 945 1660 roric
965 1580 1283 1668 δποζυγίοοςίππους,

174 1688 248 1776 ὅπερ
273 1690 356 1756 ἐστίν
379 1689 476 1756 ῖλκειν
494 1687 530 1754 rb
555 1687 673 1773 ὄχημα·
699 1686 775 1754 ὅθεν
795 1690 848 1754 καί
871 1683 1037 1753 δασάνουσι
1057 1683 1227 1773 γράφοντες
1246 1684 1282 1750 rb

173 1791 284 1880 ραίδας
304 1790 418 1876 ὄνομα,
443 1793 476 1858 ἔκ
498 1798 556 1858 τοῦ
572 1791 685 1884 ρριδίιος
708 1790 915 1878 ἓπιρρήματος
940 1791 1149 1875 παρηγμίνον·
1174 1789 1204 1855 oi
1221 1788 1283 1878 γάρ

172 1899 337 1986 βεραίδοος
349 1896 423 1975 τοδς
437 1894 547 1984 ῥαίδας
562 1895 647 1973 ἐκτὸς
663 1896 798 1981 λίγοντες
815 1891 940 1982 σφόδρα
954 1899 1139 1960 πλανῶνται.
1291 1902 1326 1957 1⁵

276 1999 338 2069 29·
388 1998 595 2087 άντικοοάριοι
611 1999 641 2064 οἶ
658 1999 737 2065 κατὰ
747 1998 898 2082 Ἓλληνας
912 1995 1127 2085 καλλιγράφοι.

277 2103 339 2172 30.
390 2099 408 2170 δ
431 2104 465 2168 δὲ
478 2108 612 2185 Νοομᾶς
623 2094 714 2179 οὗτος
725 2108 930 2189 βαρβαρικοῖς
940 2102 1167 2188 ταραττομένην
1179 2095 1281 2186 θορά-

170 2212 241 2290 βοις
256 2206 312 2291 τὴν
324 2206 457 2295 Ἰταλίαν
470 2204 606 2292 μεγάλην
615 2203 752 2272 Ἑλλάδα
767 2202 942 2294 ᾠκονόμησε
957 2209 1127 2288 κληθῆναι,
1163 2202 1282 2281 πάντας

171 2336 205 2376 τε
220 2310 293 2388 τοὺς
308 2309 443 2386 κλεινοδς
457 2316 518 2374 ταῖν
534 2306 713 2397 φιλοσόφων
727 2312 760 2386 ἔξ
773 2310 868 2394 αὐτῆς
883 2313 1054 2396 προελθεῖν,
1074 2307 1279 2391 Ἐμπεδοκλέα

171 2414 249 2499 λίγα
265 2413 320 2481 τὸν
337 2412 467 2502 φυσικὸν
482 2414 534 2478 καλ
547 2412 660 2489 ἄλλους
672 2412 805 2489 πολλοὺς
820 2411 880 2499 πρὸ
888 2412 1124 2500 Ἀριστοτέλους.
1287 2428 1325 2482 20

277 2515 338 2585 31·
387 2517 438 2581 uni
463 2522 553 2581 τοῦτο
578 2517 612 2582 δὲ
637 2515 715 2603 πρὸς
737 2524 792 2581 τοῦ
815 2521 931 2597 Νουμᾶ
963 2516 1149 2581 διατέθειται
1156 2563 1167 2595 ,
1199 2512 1278 2581 ὥστε

172 2618 246 2696 τοδς
267 2619 356 2704 ἱερεῖς
376 2623 507 2701 χαλκαῖς
525 2621 655 2701 ψαλίσιν
677 2619 748 2683 ἀλλ’
770 2618 807 2684 οὔ
824 2621 965 2704 σιδηραῖς
980 2618 1208 2705 ἀποκείρεσθαι.
1260 2615 1278 2683 ὅ

173 2722 234 2811 γάρ
256 2724 381 2810 σίδηρος
401 2722 482 2789 κατὰ
499 2721 571 2801 τοδς
584 2724 823 2811 Πυθαγορείους
844 2728 883 2810 τῇ
900 2720 960 2810 ὕλῃ
985 2720 1157 2789 ἀνάκειται·
1180 2722 1279 2805 μίλας

243 2905 260 2959 1
278 2899 327 2958 διά
341 2902 427 2957 τοῦτο
440 2902 492 2956 ald
503 2902 622 2958 Lamban.
634 2902 726 2958 Codin.
741 2919 768 2974 ρ.
783 2904 845 2960 208.
979 2902 998 2961 5
1015 2897 1158 2974 anecdotos
1167 2902 1236 2971 apud
1247 2902 1278 2959 8.

245 2975 279 3029 12
296 2979 357 3042 post
373 2972 477 3035 ίπποος
497 2972 593 3026 llasius
612 2971 690 3041 παρὰ
708 2970 743 3029 τὸ
761 2967 943 3044 βεραιδεάειν.
1080 2974 1115 3030 17
1131 2969 1163 3028 δὲ
1178 2972 1230 3026 add
1243 2972 1277 3028 Ρ.

243 3046 278 3097 18
294 3041 347 3111 τὴν
360 3041 471 3096 Ιταλίαν
485 3039 625 3114 θορύβοις
640 3043 672 3098 Ρ.
775 3045 810 3098 21
827 3037 883 3112 πρά
901 3043 936 3097 V.

172 3195 336 3250 multitudine
351 3196 508 3251 deliberante
526 3213 591 3269 opus
608 3204 663 3253 est:
681 3215 715 3251 ex
725 3197 825 3252 silentio
835 3196 915 3268 igitur
926 3196 1080 3252 silentiarios
1090 3212 1136 3250 eos
1146 3195 1278 3250 nominare

172 3266 352 3320 decreverunt.
395 3267 510 3319 omnibus
529 3276 614 3320 autem
636 3269 693 3321 lere
709 3268 812 3320 muntia
830 3268 969 3338 permansit
987 3266 1102 3335 magistri
1117 3266 1162 3335 qni
1179 3265 1277 3318 dicium·

172 3350 280 3399 munus,
297 3334 340 3387 oui
349 3336 459 3405 parebat
475 3336 568 3389 robora
578 3337 682 3389 militum
693 3336 875 3406 qninquaginta
885 3353 1004 3402 numero,
1022 3335 1065 3404 qui
1076 3335 1237 3388 frumentarii
1248 3343 1278 3387 et

172 3404 266 3455 curiosi
285 3405 510 3473 nuncupabantur3
529 3414 556 3458 et
574 3406 736 3459 frumentarii
752 3422 805 3459 rem
821 3405 1009 3458 frumentariam
1020 3422 1115 3470 corum,
1133 3405 1177 3475 qui
1188 3404 1215 3457 iu
1225 3422 1278 3476 pu-

172 3472 234 3526 latio
245 3480 329 3539 crant,
346 3474 480 3539 curabant,
492 3475 584 3527 curiosi
595 3486 679 3528 antem
691 3475 793 3546 publico
806 3476 891 3527 cursui
903 3482 1049 3545 praeerant.

241 3543 285 3596 27.
319 3541 465 3594 clavularis
475 3543 619 3597 vectorius:
637 3543 738 3596 clavum
751 3545 815 3596 enim
826 3544 1025 3612 gubernaculum
1039 3542 1179 3612 appellant.

96 3658 103 3673 ,
240 3613 284 3665 28.
320 3611 403 3663 Velox
414 3610 491 3680 celer,
503 3613 547 3682 qui
557 3613 634 3665 etiam
643 3613 792 3665 veredarius
804 3614 878 3666 bodie
890 3612 991 3666 dicitur.
1025 3611 1115 3664 veredi
1125 3619 1210 3664 antem
1222 3612 1277 3664 lta-

171 3679 203 3733 lia
228 3696 287 3733 ease
304 3679 425 3732 ridentur
449 3681 508 3750 eqni
530 3682 648 3750 subiugi,
683 3682 752 3752 qnod
778 3692 820 3735 ast
844 3685 941 3734 rebare
963 3698 1080 3744 currum3
1106 3681 1175 3733 uode
1196 3681 1275 3734 etiam

170 3749 262 3819 spiritu
279 3766 373 3819 aspero
394 3749 489 3802 rhedae
508 3767 598 3804 nomen
617 3750 752 3815 scribitur,
770 3769 803 3804 ex
824 3748 929 3823 ῥᾳδίας
946 3750 1070 3803 adverbio
1087 3750 1205 3808 ductum:
1228 3751 1276 3820 qni

169 3821 237 3872 euim
249 3819 360 3872 veredos
371 3818 455 3872 dictos
465 3819 536 3872 aiunt
546 3820 613 3891 quod
623 3822 722 3890 absque
732 3820 813 3873 rheda
825 3821 886 3884 nint,
902 3820 1097 3873 iivebementer
1107 3829 1205 3873 arram.

237 3890 282 3943 29.
315 3887 460 3958 Antiquarii
471 3888 548 3942 iidem
561 3890 605 3958 qui
616 3890 726 3942 Graecia
738 3887 929 3957 καλλιγράφοι.

237 3959 280 4014 ³0.
314 3958 365 4010 Hic
382 3967 468 4011 autem
480 3957 565 4011 Numa
576 3958 690 4023 ltaliam,
707 3960 875 4013 barbarorum
889 3975 957 4029 quaa
966 3958 1169 4027 perturbabatur
1179 3958 1275 4010 tumul-

168 4025 253 4092 tibus,
270 4027 308 4079 ita
325 4026 435 4080 institnit
451 4034 481 4080 nt
497 4027 594 4095 Magna
605 4028 719 4081 Graecia
736 4029 807 4081 dieta
818 4028 853 4080 sit
862 4045 1000 4097 omnesque
1011 4027 1073 4080 cleri
1086 4027 1228 4097 philosophi
1240 4044 1273 4080 ex

167 4112 205 4217 tel
211 4095 452 4165 proficiscerentur,
467 4096 649 4168 Empedoclem
661 4096 721 4151 ‹lioo
731 4098 863 4169 physicum
879 4106 907 4151 at
918 4099 1010 4150 multos
1022 4097 1087 4150 alios
1099 4102 1161 4149 aute
1170 4096 1274 4149 Aristo-

206 4182 254 4217 em.

236 4233 280 4287 51.
313 4232 345 4286 ld
362 4250 465 4318 quoqne
482 4251 500 4289 a
517 4233 604 4290 Numa
621 4234 764 4288 institutum
780 4240 830 4301 ost,
846 4234 1033 4288 utsaoerdotea
1044 4232 1130 4287 aeneia
1140 4232 1275 4287 forficibus

182 4298 216 4356 ad
232 4318 284 4357 uon
300 4302 391 4359 laurera
406 4304 584 4361 moderentur.
617 4306 714 4360 ferrum
725 4303 792 4359 emm
802 4321 836 4358 ex
847 4305 1070 4377 Pythagoreorum
1081 4303 1209 4358 munus
1218 4320 1275 4358 na-
