2742 4642
582 272 827 375 PRAEFATIO.
910 258 914 265 ⁷
1195 297 1255 346 ass

150 496 323 540 memorare
344 472 481 562 Lydum,
500 477 550 537 rel
571 476 667 540 radus
682 477 869 539 mentionem
883 475 983 538 iacere
1002 477 1251 542 acrimoniarum

149 599 185 659 in
202 596 286 675 deos,
308 614 438 677 eumque
448 594 603 654 silentium
614 593 790 657 huiusmodi
800 617 860 657 non
873 607 972 657 tutum
983 595 1074 657 modo
1084 597 1138 656 sed
1151 596 1250 660 hone-

149 719 319 779 stissimmn
335 735 455 799 quoque
469 735 535 775 esse
549 713 733 775 arbitratum.
760 718 920 799 inquisisse
935 719 968 776 in
981 719 1074 777 vitam
1088 720 1250 779 caesorum

149 840 281 919 capitale
295 846 358 898 erat
379 834 445 917 (adi
457 836 489 895 in
502 837 608 916 primis
620 839 732 897 Iulium
744 840 907 897 Firmicum
919 839 1117 897 mnenouie.
1131 843 1153 903 2
1174 837 1248 917 33);

147 977 251 1039 neque
264 953 357 1033 illud,
380 952 524 1036 egere'de
541 958 728 1018 caerimoniis
740 959 893 1037 pristinis,
913 958 1052 1017 molestis
1071 976 1126 1017 sua
1146 978 1247 1019 carere

149 1074 280 1137 debebat
300 1085 396 1134 aetate
415 1073 506 1156 Lydi.
550 1073 588 1134 ad
613 1077 788 1156 religiones,
809 1075 926 1137 divinas
947 1077 1017 1137 illas
1042 1075 1167 1158 quidem
1186 1077 1241 1138 sed
1257 1101 1287 1156 p.
1302 1099 1342 1137 xx

146 1213 261 1270 noras,
283 1191 382 1254 studio
399 1194 583 1255 inflammato
600 1206 672 1255 tnnc
689 1196 880 1275 rapiebantur
891 1197 1027 1277 plerique
1047 1216 1169 1273 omnes3
1192 1200 1246 1281 qni

145 1315 277 1394 impium
299 1313 380 1394 (nisi
394 1332 444 1370 me
459 1313 553 1394 fallo)
575 1325 762 1396 reputassent
774 1316 906 1395 proferre
922 1319 955 1374 iu
967 1317 1085 1392 lucem,
1107 1337 1185 1399 quae
1205 1338 1247 1379 ex

145 1433 324 1516 pontificum
342 1432 428 1493 libris
453 1435 578 1494 eruisset
599 1437 708 1517 aliquis
732 1434 769 1495 de
789 1405 930 1516 auspiciis
943 1437 1057 1513 cliviis,
1079 1439 1170 1496 sacris
1185 1457 1245 1497 no-

145 1552 346 1629 vendialibus,
367 1554 557 1615 lectisterniis
574 1552 731 1630 faciundis,
754 1555 1019 1634 supplicationibus
1037 1559 1115 1617 circa
1129 1561 1244 1639 templa

108 1726 111 1734 ,
145 1675 218 1734 fana
238 1675 408 1755 pulvinaris
433 1672 639 1734 decernendis.
682 1675 894 1756 quamobrem,
921 1678 1047 1754 opinor,
1070 1675 1152 1737 haud
1177 1683 1243 1738 sine

143 1797 230 1877 gravi
243 1814 333 1855 causa
345 1812 408 1853 non
420 1795 479 1853 uisi
492 1812 598 1874 pauca,
619 1813 715 1876 esque
727 1794 862 1872 obscura,
884 1797 1024 1876 antiquae
1039 1802 1242 1878 persuasionis

142 1915 273 1995 vestigia
294 1915 327 1972 in
348 1915 497 1993 exberptis
511 1916 573 1974 suis
589 1916 710 1996 reliquit
720 1914 834 1996 Lydus.
877 1915 999 1996 reliquit
1018 1928 1136 1994 tamen,
1158 1921 1242 1979 velut

140 2055 176 2117 p·
190 2037 254 2100 288
274 2037 314 2098 10
334 2031 372 2093 de
390 2035 496 2113 populi
507 2035 579 2093 victi
593 2036 782 2094 caerimoniis
796 2034 834 2094 ad
848 2037 1000 2094 Romanos
1014 2036 1240 2097 transferendis.

140 2158 218 2217 item
239 2157 273 2216 iu
297 2154 452 2234 fulgurum
479 2154 773 2233 interpretationibus
802 2174 834 2233 p·
853 2149 916 2218 342
937 2186 976 2197 -
998 2152 1076 2229 848,
1111 2156 1178 2231 ubi,
1212 2158 1241 2216 si

140 2292 240 2357 pauca
253 2274 424 2353 exceperis,
444 2273 508 2332 iam
521 2271 600 2333 nibil
614 2275 671 2334 erit
682 2292 789 2333 causae
808 2274 883 2357 quin
898 2270 1001 2333 credas
1016 2281 1152 2353 sumptas
1170 2275 1240 2335 illes

141 2413 209 2454 esse
227 2411 269 2453 ex
286 2392 363 2452 libro
379 2380 480 2453 rstere
492 2392 644 2473 pontificio
658 2395 761 2454 rituali
771 2393 925 2473 fulgurali.
967 2392 1076 2475 quibus
1092 2389 1130 2451 de
1143 2392 1240 2470 libris,

141 2513 315 2572 eromuino
340 2510 379 2572 de
400 2513 532 2574 fontibus
554 2513 636 2574 unde
657 2513 759 2574 bausit
778 2523 880 2574 susten
892 2522 1010 2589 noster,
1032 2531 1101 2571 cum
1116 2532 1151 2572 es
1165 2535 1240 2595 pro·

140 2632 241 2713 prium
257 2650 332 2711 opus
349 2630 534 2710 desiderent,
556 2635 675 2715 sintque
693 2652 756 2693 non
775 2634 873 2712 magis
896 2631 1036 2711 ambigna
1049 2652 1142 2714 quam
1156 2631 1239 2693 diffi-

141 2751 212 2812 utta
231 2750 401 2828 explicatu,
422 2753 552 2812 conabor
567 2752 729 2835 aliquando
748 2753 913 2813 accuratius
926 2770 1031 2831 agere,
1053 2751 1161 2812 ecdem
1174 2754 1238 2813 iere

139 2867 232 2932 modo
255 2868 301 2951 (si
321 2879 424 2931 umen
444 2870 577 2954 possim
600 2892 661 2955 quo
686 2892 783 2953 nuper
803 2875 1008 2934 rinsummus
1025 2874 1238 2948 AHLHeeren,

70 3060 76 3069 ὑ
139 2991 225 3050 cuius
237 2989 333 3070 gloria
346 2989 436 3071 longe
451 2993 558 3052 clarior
571 3003 615 3052 est
629 3012 722 3075 quam
737 3001 770 3051 ut
781 3001 883 3052 nostro
899 3011 1031 3051 crescere
1045 2993 1139 3071 possit
1150 2995 1239 3051 testi·

138 3109 261 3186 monio,
282 3109 315 3167 iu
336 3112 586 3171 commentatione
601 3113 647 3171 De
658 3110 792 3172 fontibus
806 3121 838 3172 et
852 3112 1026 3171 auctoritate
1038 3111 1168 3170 vitarum
1181 3132 1238 3193 pa·

138 3227 313 3288 rallelsrtun
334 3226 505 3306 Plutarchi,
527 3228 607 3290 edita
628 3231 786 3310 Gottingae
808 3232 900 3311 1820,
918 3233 950 3296 8.
993 3247 1028 3289 ac
1050 3229 1177 3291 fortasse
1198 3230 1282 3311 adp.
1300 3257 1349 3296 xxr

84 3346 94 3363 ⁶
137 3345 198 3408 boc
211 3356 301 3428 capnt
315 3349 526 3430 antiquitatum
533 3351 744 3449 ,neumarum
756 3351 889 3432 aliquem
904 3349 982 3430 potis
995 3368 1046 3410 ero
1064 3349 1170 3410 afferre
1184 3370 1237 3412 ac·

136 3468 314 3528 cessionem.
357 3486 430 3527 nam
448 3468 630 3548 fragments,
659 3471 923 3553 quantulacunque
944 3470 1022 3545 sint,
1043 3480 1159 3531 veteres
1179 3490 1238 3551 po·

136 3587 204 3669 puli
221 3588 352 3648 Romani
372 3588 531 3667 religiones
553 3590 753 3671 explicantia,
784 3589 906 3648 bilincii
924 3588 1085 3664 alimenti,
1116 3589 1235 3669 Anysii,

135 3705 308 3786 Elpidiaui,
338 3708 438 3767 Fulvii
457 3708 572 3786 Flacci,
600 3711 680 3770 lunii
700 3706 844 3786 Gracchi,
874 3709 962 3768 Beati
980 3708 1090 3783 Macri,
1111 3707 1237 3766 Masurii

136 3825 261 3902 Sabini,
281 3827 363 3902 Nisi,
383 3827 491 3886 Rutilii
511 3828 632 3887 Gemini
653 3829 841 3911 aliorumque
863 3845 1097 3908 anonymorum,
1126 3825 1236 3904 collegi

135 3942 315 4006 iamdudum
327 3944 538 4027 undecimque,
552 3966 622 4007 cum
633 3968 675 4009 ex
685 3949 771 4009 libris
783 3944 882 4024 editis,
897 3948 1091 4026 maximeque
1103 3965 1120 4003 e
1132 3963 1236 4023 gram·

131 4068 270 4143 anaticis,
300 4076 367 4126 tuns
392 4085 434 4127 ex
463 4062 550 4125 codd
573 4068 784 4148 manuscriptis
804 4069 907 4147 Regiis
925 4063 1237 4147 bibliothecarumque

132 4184 280 4265 aliamm,
310 4197 458 4270 quotquot
478 4188 511 4247 in
530 4187 688 4253 itineribus
706 4190 783 4250 meis
804 4188 916 4248 italicis
938 4186 1023 4267 potui
1043 4185 1232 4268 perscrutari.
