2742 4642
162 344 273 393 stum
650 325 786 396 iussn

163 539 291 610 uterque
309 523 502 588 emendatum
524 537 643 588 textum
667 528 823 609 legerunt,
845 526 883 587 ab
906 526 1006 609 iisque
1025 523 1198 589 admonitus
1212 548 1277 589 non

163 633 258 692 semel
274 642 327 691 aut
342 634 450 690 ritiom
465 629 589 713 aliquod
602 651 664 692 non
679 630 923 693 animadversum
938 632 1077 691 Intellexi
1095 641 1147 691 eut
1162 633 1278 713 proba·

162 736 255 795 bilius
274 737 422 815 corrigere
438 746 561 795 conatus
575 754 653 795 sum.
697 755 864 816 quaerero
879 755 970 815 opere
982 732 1176 814 iampridem
1191 738 1275 816 typis

162 858 276 898 excuso
294 836 481 897 emendanda
498 856 654 921 superasse
673 836 755 912 ridi,
777 858 813 897 ee
828 858 890 899 una
905 858 974 898 cunr
989 835 1110 898 mendis
1120 847 1276 920 ,typogra-

161 939 258 1022 phicis
275 940 314 1001 ad
329 951 501 1000 extremum
515 942 652 1022 opusculi
665 939 808 1001 indicavi.

245 1098 281 1155 ln
308 1097 390 1156 vitiis
421 1106 524 1157 autern
548 1093 733 1177 corrigendis
761 1092 841 1155 hauc
866 1094 931 1154 iere
962 1094 1110 1154 rationem
1135 1094 1275 1154 serrari:

12 1216 144 1255 .nmrr
161 1198 404 1274 emendationes,
428 1196 466 1258 de
487 1199 596 1280 quibus
618 1197 750 1257 dubitari
762 1218 823 1259 non
836 1206 955 1279 posset,
976 1198 1009 1255 in
1024 1206 1145 1255 textum
1160 1197 1272 1277 recepi,

159 1306 266 1363 ceterIs
284 1305 317 1363 iu
337 1303 417 1362 notis
438 1311 558 1361 tantum
581 1302 754 1382 propositis.
797 1302 830 1360 in
852 1296 966 1361 viisdem
990 1296 1165 1359 emendetur
1183 1319 1201 1358 a
1220 1320 1273 1359 rue

162 1404 275 1466 codicis
300 1406 446 1465 lectiones
476 1406 594 1479 notari,
624 1405 759 1484 exceptis
778 1422 853 1486 quas
872 1403 993 1460 nonnisi
1014 1404 1177 1482 scripturae
1195 1402 1272 1460 vitio

161 1509 299 1568 laborare
322 1509 486 1568 constabat.
529 1506 620 1567 huius
639 1508 758 1587 generis
777 1502 907 1565 mendae
925 1507 957 1564 in
975 1502 1079 1564 codice
1093 1507 1272 1564 innumerae

162 1610 375 1685 occurrebant,
396 1611 481 1670 nullu
504 1612 618 1691 passim
638 1612 718 1669 iuter
739 1607 876 1669 eiusdem
890 1610 956 1668 soni
969 1608 1089 1667 vocales
1103 1605 1273 1688 diphthon-

159 1732 277 1795 gosque
290 1711 462 1772 discrimine
478 1724 606 1773 serrato.
651 1710 781 1772 eandem
797 1713 861 1772 sire
877 1712 1079 1792 ignorantiam
1092 1713 1156 1770 sire
1169 1712 1273 1791 negli-

159 1818 295 1896 gentiam
314 1819 347 1875 in
363 1826 487 1874 accentu
503 1813 741 1875 animadvertere
759 1815 847 1891 licet,
875 1814 908 1872 in
928 1833 988 1896 qno
1006 1816 1183 1895 saepissime
1197 1835 1273 1895 pec-

159 1930 278 1994 catum3
300 1921 362 1979 imo
375 1920 479 1979 multis
493 1920 584 1996 locis,
606 1919 660 1978 ubi
674 1938 756 1977 nuno
772 1915 978 1994 desideratur,
1000 1919 1122 1978 omniuo
1138 1917 1273 1978 defuisse

158 2020 289 2082 videtur.
332 2021 372 2082 ad
393 2046 413 2086 ν
434 2016 649 2104 insinuaueris
670 2041 742 2081 vero
763 2018 845 2104 quod
866 2022 988 2097 attinet,
1009 2023 1131 2081 tametsi
1148 2018 1272 2080 credere

159 2145 220 2184 non
250 2128 348 2187 ausim
373 2125 454 2187 hanc
475 2127 596 2186 literam
616 2145 679 2184 non
702 2126 764 2184 nisi
788 2143 893 2184 eorum
914 2124 969 2205 qui
989 2144 1065 2205 opus
1086 2123 1272 2205 descripsere

159 2228 248 2309 culpa
274 2240 344 2288 unta
370 2239 569 2290 consonantes
594 2248 655 2288 non
676 2228 778 2288 minus
799 2247 890 2308 saepe
906 2236 997 2309 atque
1015 2237 1083 2287 ente
1099 2228 1218 2287 vocales
1237 2229 1273 2286 in

158 2330 262 2391 codice
285 2333 427 2414 reperiri,
455 2332 551 2390 malui
572 2340 692 2406 tamen,
720 2332 849 2390 aliorum
871 2331 1013 2408 consilio,
1040 2333 1072 2390 in
1093 2352 1124 2390 re
1146 2329 1272 2390 levioris

158 2436 306 2492 momenti
322 2444 499 2494 consuetum
515 2431 665 2492 editorum
678 2453 797 2493 rnorem
809 2435 906 2516 sequi.
950 2441 1084 2494 catenam
1097 2444 1219 2494 textum
1236 2434 1271 2493 in

157 2536 250 2596 libros
264 2547 294 2596 et
308 2538 405 2617 capitu
417 2533 550 2596 divisum
562 2533 759 2621 paragraphis
773 2539 897 2617 insuper
911 2532 1049 2597 distinxi.

9 2743 20 2761 .
45 2721 142 2761 mn
243 2693 329 2752 Notis
344 2686 385 2750 ed
398 2699 517 2750 textum
532 2688 758 2752 mandandum
770 2689 1090 2772 interpretandnmqus
1103 2689 1272 2771 spectanti·

159 2796 216 2855 bus
236 2796 328 2870 alias,
351 2795 461 2876 quibus
484 2815 532 2855 res
554 2796 791 2870 illustrarentur,
820 2793 932 2855 addere
953 2796 1186 2854 constitueram:
1213 2789 1271 2851 sed

158 2917 235 2959 mox
259 2896 460 2958 animadverti
480 2900 580 2959 maius
600 2917 619 2957 a
639 2917 689 2956 ms
713 2916 806 2979 quarn
824 2919 880 2979 pru
901 2900 962 2959 otio
983 2918 1053 2957 anso
1072 2915 1149 2976 opus
1163 2914 1271 2954 susce-

158 3012 265 3083 ptums
286 3005 389 3084 itaque
413 3012 529 3062 mutato
552 3004 707 3083 proposito
726 3003 923 3082 paucissimas
940 2998 1032 3061 buius
1048 2999 1167 3078 generis
1180 3008 1270 3057 notu

159 3108 299 3185 inspersi.
342 3115 500 3166 annorum
513 3115 617 3165 minen
632 3106 700 3166 loca
716 3125 735 3164 a
749 3104 837 3188 Lydo
849 3101 974 3164 laudata
991 3103 1143 3186 quaesivi,
1164 3121 1271 3181 repea-

156 3218 249 3289 taque
265 3218 317 3267 eut
330 3210 409 3268 uotis
424 3210 538 3269 inserui
554 3218 607 3268 aut
622 3218 702 3268 certe
715 3205 857 3269 indicari.
898 3217 1019 3289 praeter
1029 3204 1152 3266 laudate
1165 3213 1270 3262 antem

157 3312 225 3370 loca
248 3312 306 3370 alia
330 3330 451 3393 quoque
474 3331 537 3371 non
561 3309 665 3371 addito
689 3313 818 3372 sudoris
835 3313 959 3370 nomine
977 3318 1151 3383 occanum,
1173 3307 1270 3367 veluti

156 3413 248 3473 rerba
273 3407 346 3476 οὐδ’
367 3414 401 3478 ἐν
422 3411 500 3500 λόγῳ
522 3407 595 3478 ositl'
612 3413 646 3478 lv
663 3407 790 3502 ἆριθμᾷ
815 3412 867 3496 (p.
889 3417 951 3478 211
979 3415 1055 3495 16),
1091 3430 1170 3494 quae
1197 3421 1271 3471 sunt

156 3536 226 3596 pars
241 3517 354 3576 oraculi
369 3515 453 3599 qnod
466 3516 554 3577 affert
571 3515 748 3579 scholiastes
766 3515 806 3577 ad
820 3515 977 3578 Theocriti
990 3514 1036 3576 ld.
1052 3516 1094 3582 24
1111 3535 1142 3575 r.
1157 3514 1216 3588 483
1239 3521 1271 3573 et

157 3620 250 3680 verba
266 3619 326 3683 lilas
340 3617 373 3683 dl
384 3613 547 3704 χρημάτων
565 3630 621 3679 etc.
651 3619 702 3702 (p.
718 3618 781 3685 246
801 3621 879 3702 17),
907 3638 986 3701 quae
1010 3627 1094 3700 patet
1115 3638 1132 3677 e
1153 3619 1272 3675 Demo·

156 3720 273 3783 athenis
294 3722 420 3806 lllyntb.
441 3731 456 3789 1
482 3727 577 3805 petita
597 3743 680 3799 esse,
702 3723 756 3782 ubi
775 3724 886 3802 legitur
908 3725 956 3786 dri
974 3719 1014 3802 isi
1033 3715 1195 3803 χρημάτων
1211 3729 1272 3778 eta.

156 3844 234 3907 quae
251 3824 311 3886 duo
326 3847 393 3888 seru
408 3826 616 3888 animadversa
633 3822 685 3883 bic
699 3833 842 3883 annones
857 3826 956 3901 iuvat,
977 3827 1101 3899 ceteris,
1122 3841 1201 3904 qnae
1219 3841 1274 3879 rs-

154 3933 254 4010 perire
275 3932 375 4011 potui,
401 3951 456 3992 suo
477 3933 545 3992 loco
569 3927 720 3989 indicetis.
764 3936 810 3986 est
830 3928 953 3986 omnino
975 3923 1081 4008 Lydus
1101 3926 1216 3985 multae
1237 3924 1273 3981 in

150 4044 291 4093 rueram
307 4038 487 4116 scriptorum
499 4034 591 4109 locis,
615 4051 713 4114 quae,
734 4029 812 4089 olim
822 4030 909 4104 lecta,
933 4030 1099 4089 memoriae
1114 4028 1180 4085 eius
1194 4045 1273 4084 con-

7 4152 137 4195 .r.mrr
152 4134 222 4193 fusa
240 4137 492 4213 obversabantur,
514 4132 705 4216 usurpandis.
748 4129 882 4191 indicem
901 4151 1023 4214 qnoque
1042 4141 1201 4192 sermonem
1210 4147 1273 4208 pe-

154 4241 301 4299 culiarem
326 4240 439 4318 adieci,
479 4241 592 4323 quippe
620 4246 651 4296 st
677 4232 810 4295 indicem
833 4254 935 4294 rerum
956 4254 1089 4317 eumque
1112 4235 1272 4314 copiosam

154 4342 280 4404 confeci.
