2742 4642
505 326 857 399 OOMlllEllTARIUS.
1173 350 1242 399 xus

125 541 222 615 teque
243 538 330 612 perte
348 538 418 613 post
439 530 495 592 t'ol.
515 528 558 597 44
584 531 658 591 lolio
679 540 801 591 exsecta
821 528 882 591 duo
896 536 976 591 sunt.
1018 530 1122 591 omnle
1140 540 1242 594 eutem

123 637 194 701 102
212 635 287 693 solie
305 636 362 694 ills
379 631 505 693 medere
524 652 561 694 uc
577 644 727 695 vetustate
741 632 831 695 velde
848 646 918 695 suut
935 633 1115 719 deprurets,
1143 652 1241 717 usque

123 758 166 798 eo
182 748 218 798 nt
230 740 294 797 iem
307 738 434 799 Villoiso
448 738 600 818 scripserit
618 736 806 817 (Prolegom.
824 734 864 797 sd
879 733 968 796 llied.
981 756 1014 816 p.
1028 736 1084 819 46)
1104 736 1241 798 codicem

122 859 214 900 mero
227 858 338 920 mogus
352 859 393 899 ex
408 849 495 920 perte
507 841 550 899 lte
564 850 738 919 corruptum
753 860 830 916 esse,
849 849 885 899 nt
897 839 1052 899 literemm
1065 839 1173 901 ductus
1186 844 1242 901 vix

124 945 255 1023 agnosci
268 952 401 1025 queunt,
422 944 516 1025 ioque
533 942 611 1003 celle
625 943 742 1002 vinens
757 944 858 1023 petius
875 960 947 1001 enm
964 960 1056 1023 quem
1075 944 1108 1002 in
1126 944 1241 1004 bibilo-

124 1044 220 1107 thece
235 1056 422 1106 essemtum
436 1042 544 1105 videri.
586 1064 765 1128 quenquam
779 1047 883 1126 ipsum
896 1065 1004 1126 corpus
1021 1044 1134 1106 codicis
1148 1047 1240 1127 peulo

125 1152 231 1210 miuus
243 1148 387 1209 effectum
402 1159 458 1210 est.
501 1148 598 1207 multo
611 1150 710 1228 surgis
726 1168 797 1209 vero
810 1149 951 1208 sbiuucts
967 1150 1052 1223 tolie,
1072 1148 1171 1208 locere
1185 1151 1241 1209 ille

126 1251 257 1336 quidem
279 1262 310 1312 et
326 1254 441 1313 seriose
464 1261 496 1312 et
516 1253 625 1332 persius
645 1253 767 1332 penitus
785 1249 960 1332 desperets3
990 1252 1077 1312 utin
1101 1250 1241 1332 legendis

127 1357 192 1417 illis
203 1375 267 1415 non
279 1358 380 1416 minos
390 1352 495 1415 hercle
508 1354 595 1414 leber
608 1374 674 1415 esse
688 1353 827 1415 videntur
842 1373 936 1436 quern
950 1356 983 1413 iu
997 1353 1173 1415 evolvendis
1190 1358 1242 1415 in-

128 1458 393 1541 terpretendisqne
415 1458 690 1518 Homuleueusibns
714 1457 939 1534 voluminibus,
971 1476 1102 1540 quorum
1125 1459 1242 1539 eliquot

129 1564 260 1643 Neepoli
275 1563 409 1621 Parisios
428 1562 573 1622 meruleto
596 1560 751 1621 interdruu
768 1561 892 1641 inspexi
906 1570 937 1619 et
950 1561 1088 1621 moleri.
1130 1579 1243 1643 quem·

133 1667 254 1741 obrem,
276 1664 374 1724 sicubi
391 1684 474 1724 error
486 1662 594 1723 editori
605 1665 744 1725 obiectus
761 1674 807 1724 est
822 1666 855 1723 iu
869 1673 935 1724 tem
948 1665 1040 1743 longo
1055 1665 1174 1740 labore,
1196 1674 1243 1724 est

132 1771 181 1846 ei,
209 1788 272 1828 nou
286 1765 355 1827 dico
370 1768 460 1827 venie
472 1765 571 1827 dende
594 1767 672 1850 (nee
691 1769 774 1827 euim
788 1767 854 1827 fieri
868 1776 969 1848 potest
987 1779 1021 1827 ut
1042 1769 1075 1827 iu
1088 1766 1240 1827 elrssmodi
1251 1792 1281 1849 p.
1293 1792 1362 1832 m·

130 1874 328 1956 quantumvis
350 1879 519 1951 expurgato
543 1891 634 1952 opere
658 1892 721 1933 nou
744 1872 846 1954 eliqua
867 1872 998 1951 supersit
1020 1870 1162 1958 msouls)
1177 1870 1243 1952 sed,

131 1974 219 2059 quod
232 1995 298 2035 rem
311 1973 525 2034 difficillimum
538 1976 672 2056 suscepit
684 1971 827 2058 quodque
839 1975 884 2035 sic
899 1974 1037 2055 perfecit,
1052 1976 1120 2036 leus
1131 1996 1243 2058 perpe-

130 2088 186 2138 tue
199 2076 369 2139 tribuenda.

219 2179 299 2255 Quid
319 2176 403 2262 quod
421 2179 490 2260 ipre
507 2175 624 2254 editor,
654 2178 733 2238 siout
751 2188 873 2239 texum
893 2177 1046 2258 corrigens
1063 2198 1126 2239 nen
1146 2182 1244 2242 semel
1262 2186 1307 2253 36

130 2302 258 2344 mecum
270 2282 451 2343 smisissime
463 2282 713 2356 communicarit,
741 2281 785 2340 ite
804 2282 953 2362 impresso
973 2300 1056 2343 nuc
1077 2302 1186 2364 opere,
1207 2294 1243 2345 et

133 2383 176 2444 de
192 2387 346 2446 nonnullis
361 2385 508 2465 suspectis
524 2380 602 2445 mihi
614 2385 689 2444 locis
700 2404 783 2465 quse
796 2383 972 2445 riderentur
985 2382 1175 2463 dissemm
1191 2406 1244 2445 me
1355 2458 1358 2467 Ι

133 2491 264 2567 rogeris.
306 2490 391 2549 ouius
405 2489 555 2547 eunutise
568 2489 730 2567 gessissem
743 2508 818 2547 sene
830 2508 966 2569 morem,
995 2490 1243 2572 suspicionesque

134 2588 188 2651 his
209 2610 296 2651 mess
314 2592 430 2674 sliquos
454 2589 681 2653 ediuuxissesus
712 2587 770 2651 sed
784 2610 821 2650 es
836 2588 888 2651 hic
905 2594 1048 2674 persequi
1065 2611 1127 2651 non
1140 2594 1243 2652 minus

134 2714 186 2753 ms
202 2696 298 2754 vetuit
310 2691 401 2755 huius
413 2694 673 2753 commentationis
686 2693 858 2754 iustimmm
869 2714 962 2777 quem
974 2695 1100 2775 religio,
1121 2714 1161 2754 ne
1173 2696 1245 2753 lilui

12 2778 13 2783 ἵ
137 2795 178 2857 sle
192 2797 415 2877 Mogistretibus
437 2796 530 2857 editio
550 2816 604 2876 per
624 2816 674 2855 sne
695 2797 816 2875 lougius
840 2796 987 2858 trahetur.
1029 2817 1124 2880 quere
1147 2817 1246 2880 quee-

136 2919 258 2984 cunque
267 2911 427 2982 supersunt
441 2897 601 2975 eiusmodi,
623 2917 764 2980 quaeque
777 2911 954 2960 ennoturem
968 2899 1007 2961 de
1017 2902 1140 2981 iugenio
1152 2898 1245 2981 Lydi,

138 3001 334 3079 delentibus,
349 3001 388 3062 de
398 3006 571 3082 graecitate,
586 2999 624 3062 de
638 3000 805 3061 eruditione
815 3005 934 3078 Letine,
950 3022 987 3062 ee
999 3007 1079 3063 notis
1088 3006 1120 3061 in
1132 3004 1246 3065 lieren

137 3104 178 3168 sle
194 3109 326 3168 Ostentis
346 3105 527 3167 reservando
548 3104 637 3166 duco.
680 3106 773 3164 stetui
791 3107 875 3164 euim
889 3104 1031 3167 edistius
1046 3107 1118 3165 libri
1134 3104 1246 3165 editio·

138 3230 211 3269 nesu
225 3212 361 3270 enimum
376 3212 521 3288 conferre,
544 3206 792 3293 quondoquidem
801 3209 985 3270 Greeoormn
999 3230 1041 3269 ex
1056 3210 1144 3269 ltelie
1158 3208 1246 3268 nobis

137 3314 299 3373 slletomm
322 3311 478 3390 codicum,
522 3314 632 3396 quibus
652 3313 807 3391 impertiri
828 3315 943 3393 integre
965 3310 1076 3373 horum
1097 3329 1246 3371 ennorum

139 3415 249 3494 nudis,
263 3437 361 3499 poene
375 3415 414 3476 ed
426 3418 519 3476 linem
534 3414 658 3475 sddooti
674 3415 803 3493 cetuogi
816 3426 896 3491 suut,
914 3435 1043 3497 sumque
1057 3417 1193 3489 solutior,
1209 3432 1246 3472 es

139 3521 522 3599 opereproffigete‚feotus.
545 3515 1249 3599 seceditutquesistguleriliberelitetsvirillu·

139 3624 210 3682 stris
224 3618 263 3679 de
275 3620 419 3682 choiseul
439 3642 515 3703 opus
536 3620 575 3681 de
586 3622 812 3701 Megistrstilsus
831 3640 887 3681 suo
908 3619 1064 3702 impendio
1082 3641 1101 3679 e
1114 3618 1248 3679 tenebris

139 3727 172 3783 in
184 3726 285 3784 lucem
299 3729 445 3801 evocavit,
468 3723 576 3785 eodem
586 3727 699 3785 librum
711 3723 750 3783 de
763 3725 894 3785 ostentis
904 3726 989 3800 velit,
1012 3723 1248 3805 sequentium,
1261 3738 1290 3793 p·
1298 3734 1357 3777 11¹1

139 3825 223 3886 unde
233 3829 329 3887 lulius
345 3829 539 3911 obsequens,
570 3831 683 3911 quique
695 3836 850 3908 praetereo
863 3847 928 3887 rem
943 3827 1120 3907 eugurelem
1133 3834 1248 3884 ueste·

138 3940 247 3990 rerunt
264 3932 315 3991 vel
336 3935 388 4013 qui
407 3934 588 4011 attigerunt,
615 3932 730 4012 possim
744 3932 943 3990 illustrentur.
988 3946 1060 3988 cure
1074 3937 1177 3987 eutem
1190 3925 1249 3987 sd-

138 4029 293 4093 lribebitur
308 4045 342 4093 ut
359 4032 435 4094 heec
453 4033 555 4108 editio,
578 4045 727 4116 quantum
739 4035 916 4114 poterimus,
937 4034 1154 4112 locupletetur,
1177 4051 1248 4091 oum
1303 4028 1310 4047 ⁸

139 4140 424 4197 commemoratione
441 4148 597 4198 suetorum
615 4156 692 4219 quos
711 4133 816 4218 Lydus
834 4145 1010 4196 ooruecutus
1026 4145 1086 4211 est,
1109 4144 1175 4195 tum
1192 4131 1249 4193 sd·

139 4236 255 4298 ditione
276 4240 513 4319 fregmentorurn
532 4237 723 4322 quorundum
735 4238 920 4299 ineditorum
934 4236 1070 4298 eiusdem
1085 4239 1181 4299 ferme
1199 4256 1250 4294 er·

139 4346 293 4420 gementi,
323 4345 415 4404 Vettii
435 4345 571 4404 Veientis
592 4344 749 4424 inprimis,
778 4343 863 4403 ouius
881 4339 1066 4423 Anthologie
1090 4338 1172 4420 opud
1193 4357 1248 4398 uos
