2742 4642
512 308 756 378 PRAEFATIO.
1140 334 1185 380 nv

85 499 238 585 explenda
248 542 309 582 ...,
332 500 461 565 arduum
475 525 565 589 saepe
581 505 663 569 dioto
679 519 780 570 utrum
798 515 875 573 ΚΑΙ
885 511 1047 592 legendnm
1062 518 1110 590 rit,
1133 532 1182 599 au,

83 622 167 707 quud
192 626 325 707 epatium
347 644 409 685 nou
432 627 531 689 malua
552 640 694 711 occupat,
716 631 811 706 SEN,
832 629 890 693 hoe
914 643 974 711 eat,
995 632 1026 720 'b
1048 633 1124 715 (per
1137 636 1180 695 si·
1197 659 1224 714 p.
1242 657 1272 697 ιι

81 743 191 827 glum)
212 745 255 811 10.
298 745 343 807 aio
357 746 481 807 aentler.

167 867 371 947 Quapropter,
392 867 537 949 quoniam
556 868 590 926 iu
606 876 800 947 argumento,
822 866 903 949 quod
915 880 1012 930 totum
1026 873 1178 931 oonieotu-
1199 882 1219 945 5

80 984 148 1043 rale
168 994 231 1062 ert,
252 986 305 1044 alii
327 987 416 1045 aliter
439 996 530 1070 atque
554 1006 611 1067 ego
633 989 743 1046 aeutire
766 999 908 1064 possunt,
930 993 1104 1069 praesertim
1127 990 1180 1049 ubi

80 1104 305 1186 propemodum
326 1102 482 1188 desperata
501 1116 585 1165 erant
604 1106 694 1180 folia,
715 1123 819 1164 eorum
836 1106 930 1165 instar
944 1110 976 1164 in
991 1117 1075 1187 parte
1088 1127 1181 1186 aupe-

78 1226 160 1284 riore
175 1226 355 1306 paginarrun
371 1223 462 1285 huius
476 1223 616 1287 editionis
631 1227 751 1306 saepius
769 1220 981 1284 excudendum
992 1228 1108 1303 curavi,
1130 1246 1181 1286 ae-

78 1353 171 1402 00100
188 1347 362 1425 exemplum
377 1347 435 1406 riri
450 1345 563 1405 summi
576 1344 702 1403 Guttavi
716 1345 872 1422 lingonis,
893 1347 1024 1403 lotorum
1039 1346 1181 1404 uomina-

78 1462 212 1537 tiaaimi,
233 1464 265 1521 in
287 1465 457 1544 fragmento
480 1464 606 1525 Domitii
625 1464 748 1543 Ulpiani
762 1466 822 1522 lur.
835 1466 916 1524 oivil.
931 1464 1180 1523 anteirutinianeo

77 1588 104 1639 t.
121 1583 156 1657 1,
178 1582 326 1660 berolini,
350 1580 445 1659 1815,
468 1587 504 1660 8,
525 1602 558 1665 p.
571 1581 729 1660 6-1013
750 1584 870 1643 omissis
886 1582 1010 1666 quidem
1027 1583 1180 1662 spiritibus

77 1720 118 1760 ao
134 1694 254 1780 τόνοις,
276 1703 329 1784 qui
341 1701 522 1785 plerumque
533 1707 566 1763 iu
581 1701 648 1765 cod.
662 1713 776 1761 temere
794 1712 865 1762 aunt
880 1702 984 1783 positi,
1006 1700 1061 1760 red
1076 1721 1180 1761 eerra-

76 1821 119 1880 tio
136 1821 315 1882 lacunarum
333 1817 466 1881 hiatibus
485 1822 700 1904 literarumque
720 1821 915 1881 evanidamm
934 1824 1070 1882 omniurn
1083 1824 1180 1881 iuter-

76 1941 180 2000 vallio.
223 1942 282 2019 ita,
307 1941 402 2001 aioubi
417 1943 451 2000 in
464 1942 609 2001 eleotioue
625 1942 783 2001 verborum
796 1951 849 2000 aut
864 1942 1081 2001 oouatruotioua
1096 1961 1181 2001 arra-

75 2063 193 2137 000100,
216 2060 299 2143 quod
310 2064 403 2123 nimia
419 2063 521 2123 orebro
535 2061 661 2121 arbitror
673 2059 818 2120 accidisse
838 2060 930 2140 (nam
941 2062 1096 2138 negotium
1110 2080 1180 2120 ma-

75 2200 177 2259 gnum
200 2190 246 2240 eet
266 2184 406 2262 supplere
426 2183 501 2243 folia
525 2179 691 2257 eiusmod13
712 2199 769 2238 neo
788 2179 951 2261 quiequam
964 2179 1047 2238 venit
1059 2180 1180 2259 saepius

74 2318 137 2358 nau
152 2317 247 2380 quam
259 2302 430 2380 perlucente
442 2319 600 2384 perperam
614 2301 709 2379 epioe,
730 2300 780 2357 vel
794 2300 883 2357 uulua
898 2299 986 2357 litera
998 2298 1079 2357 male
1090 2299 1179 2376 lecta,

73 2420 108 2477 ln
133 2415 312 2497 pudendum
334 2419 414 2480 trahi
437 2419 608 2499 errorem),
640 2421 846 2499 unusquisque
871 2417 1081 2496 supplementa
1099 2438 1178 2496 mea,

74 2538 194 2618 ubique
205 2538 315 2599 ierein
328 2552 416 2602 textu
431 2540 550 2600 uncinis
572 2537 583 2614 [
603 2539 615 2617 ]
636 2536 783 2613 iudioata,
805 2535 846 2595 ad
865 2534 1011 2596 iudicium
1025 2542 1180 2621 proprium

73 2661 189 2741 poterit
202 2678 351 2719 revocare.
395 2661 523 2719 alterum
537 2661 627 2717 etiam
641 2659 793 2738 proposita
810 2654 869 2714 hao
886 2656 987 2736 effigie
1003 2671 1179 2721 consecutus

74 2798 158 2856 amn,
177 2789 213 2839 ut
225 2798 348 2839 neoeaae
361 2798 423 2840 uon
436 2790 514 2839 earet
525 2777 636 2838 menda
649 2798 691 2836 ex
702 2777 847 2837 librarioli
858 2774 987 2836 ruditate
998 2788 1079 2855 nata,
1100 2798 1177 2861 quae
1191 2802 1219 2855 p.
1238 2803 1256 2837 ι

74 2902 239 2960 innumera
254 2908 325 2959 runt
341 2918 377 2958 eo
390 2899 422 2955 in
437 2896 555 2975 oodioa,
579 2897 618 2957 ad
636 2917 721 2959 oram
736 2895 875 2957 editionis
888 2899 958 2957 inve
971 2901 1051 2957 notia
1066 2898 1178 2979 ubique

74 3037 274 3101 peroemere3
294 3037 491 3099 possemque,
509 3012 629 3076 mendis
649 3018 725 3096 lpoia
747 3036 837 3097 supra
856 3028 924 3076 ante
943 3018 1046 3076 oculor
1061 3016 1177 3096 positio,

74 3142 182 3201 subter
195 3142 228 3198 in
241 3149 329 3198 textu
339 3139 516 3217 transcripto
534 3138 677 3196 lectiones
697 3156 748 3195 aaa
767 3136 856 3194 taoite
877 3132 1047 3193 emendare.
1088 3136 1131 3192 ita
1144 3154 1176 3213 p.

73 3264 140 3326 288
156 3263 199 3324 28
218 3280 351 3341 ενεργιας
363 3257 451 3322 foto
466 3267 544 3315 recto
554 3258 609 3317 liu.
625 3258 678 3332 11,
699 3254 880 3338 (11100110.
896 3258 946 3319 12
961 3285 1001 3297 -
1019 3254 1117 3332 p.291
1136 3255 1176 3315 16

73 3382 132 3442 101.
144 3384 166 3445 7
178 3391 258 3439 recto
271 3380 327 3438 lin.
343 3380 363 3441 9
376 3399 504 3460 pmruv
517 3388 548 3437 et
562 3384 799 3457 000οθηνουσ···
814 3409 859 3423 -
872 3376 1018 3454 1000100
1033 3392 1064 3450 p·
1076 3369 1138 3434 293
1157 3370 1174 3431 1

73 3500 132 3559 fol.
147 3502 169 3564 7
183 3518 267 3558 vareo
282 3498 338 3557 lin.
349 3495 388 3575 4,
409 3501 610 3562 metarum
622 3494 698 3556 ibid.
710 3496 766 3555 lin.
778 3500 809 3560 7.
829 3504 923 3577 utque
937 3492 1085 3571 exemplis
1096 3508 1175 3547 uou-

72 3619 171 3678 nullia
182 3627 252 3677 utar
266 3635 307 3677 ex
318 3617 396 3677 libro
408 3617 454 3674 De
465 3616 619 3676 mensibus
631 3617 749 3696 petitia,
772 3615 875 3695 ισηδος
892 3635 924 3693 p·
941 3612 1002 3676 113
1024 3610 1062 3674 15
1083 3609 1136 3668 101.
1157 3611 1174 3671 1

72 3748 154 3797 recto
166 3738 223 3796 lin·
240 3739 290 3812 19,
311 3753 419 3817 aruum
432 3756 464 3817 p·
476 3739 537 3803 116
550 3734 571 3799 ι1
583 3736 638 3796 fol.
652 3740 673 3800 2
687 3745 765 3794 reeto
777 3735 832 3792 lin.
848 3738 906 3807 10,
927 3754 997 3810 ετνη
1010 3749 1066 3810 pro
1077 3726 1174 3810 Αἴτνῃ

71 3857 151 3919 ibid.
165 3859 287 3924 lin.12.
330 3853 407 3916 baeu
428 3866 458 3915 et
474 3857 571 3915 multa
589 3853 739 3916 eiusmodi
752 3855 785 3912 iu
800 3852 900 3932 effigie
913 3850 1100 3932 pagellarum
1112 3863 1174 3903 uon

71 3981 209 4040 incuriae
230 3995 319 4039 meae
341 3984 395 4036 aut
414 3975 521 4057 eulpae
542 3996 719 4057 operarum,
739 3970 796 4034 aed
816 3973 932 4032 librarii
951 3969 1087 4031 inscitiae
1104 3975 1174 4027 aunt

73 4096 244 4159 tribuenda.

159 4220 255 4279 Venio
275 4238 355 4278 nuno
375 4215 414 4277 ad
435 4213 568 4278 auboidia
589 4215 700 4298 quibua
722 4233 789 4274 aum
813 4215 845 4271 iu
864 4203 1070 4271 constituendo
1085 4215 1170 4265 textu
1192 4211 1211 4269 6
