2742 4642
494 302 841 377 comunimus,
1126 328 1212 379 mu

110 504 230 587 duone,
251 497 390 587 Νικήτης
401 499 423 570 6
434 499 627 591 Πιοφίιιγιίν,
645 500 754 590 Ἰωσήφ
765 506 785 574 6
796 504 933 585 stvdotoc
945 505 999 574 ναί
1013 506 1168 593 Μανονῆί
1180 511 1214 577 oi
1225 537 1255 594 p.
1271 532 1361 577 mlv

111 600 295 685 Βνζιίνιιοι,
326 602 507 689 Νινιρφίρος
528 607 547 675 6
567 603 712 687 ίιιίιιονορ
733 609 815 689 [ood-
835 612 899 672 sine
915 612 1056 694 articulo]
1078 610 1095 679 6
1117 610 1212 699 Φρύξ,

112 700 287 785 dilatando
297 706 405 788 Δίον,
428 705 585 795 Θεόδωρος
600 710 685 795 ὁτῆς
697 715 793 796 Σίδης
804 708 965 796 γενόμενος
976 708 1138 799 πρόεδρος,
1159 715 1213 781 καί

112 808 133 875 6
146 805 260 877 sot'ron
278 804 407 891 ἆνοψιιίς
421 809 474 875 eut
485 807 650 897 ὅμοίννμος
665 812 684 880 6
698 819 754 896 τῆς
768 815 801 878 ίν
816 815 984 901 Σεβοσιείρι
995 812 1214 900 nodomarius·

113 934 172 988 νος
193 912 369 994 Morino,
389 912 440 977 soi
465 912 515 980 tut
534 911 633 1002 τούτῳ
654 911 828 999 Δημήτριος
847 913 864 981 ί
882 919 937 998 τῆς
952 918 1101 997 Κυζίκου,
1123 918 1176 983 eoi
1194 918 1214 987 6

114 1008 249 1097 ριονοχός
267 1007 408 1096 Ἰωάννης
429 1013 569 1094 ιίΛνίδς
592 1017 707 1082 οίιιιίαν
732 1017 854 1091 ἕκαστος
871 1013 1022 1083 deterso
1042 1015 1214 1102 προστησά-

115 1138 225 1198 μενος,
247 1113 265 1181 6
283 1112 341 1198 μίν
362 1116 489 1184 ἔπαινον
509 1118 668 1201 βασιλέως,
690 1116 707 1185 6
724 1119 756 1185 δὲ
774 1117 876 1203 ψόγον
890 1114 1092 1205 πατριάρχου,
1113 1121 1213 1207 inore

115 1213 151 1281 dd
171 1218 265 1297 φίλον
286 1214 453 1301 tyndareo,
473 1220 527 1286 stoi
548 1220 582 1286 ίν
602 1221 737 1305 ίοιορίος
754 1218 881 1305 σχήματι
895 1217 950 1286 ede
965 1222 1076 1289 ἑαυτοῦ
1089 1224 1213 1303 ἕκαστος

113 1312 365 1402 ἐκπληροῦντες
378 1319 504 1402 ostonde,
519 1318 623 1408 πόρρω
637 1328 694 1405 τῆς
706 1328 766 1389 τῶν
782 1321 947 1407 εἰρημένων
960 1318 1082 1410 ἀνδροῖν
1094 1322 1214 1391 nemei-

115 1440 191 1486 ιιιιοι
214 1424 361 1499 διανοίας.
403 1444 464 1507 quo
484 1429 518 1486 in
536 1427 602 1487 looo
620 1429 679 1489 riri
696 1426 775 1487 docti
788 1427 821 1485 in
836 1430 947 1489 Ioanne
960 1426 1047 1508 Lydo
1062 1426 1212 1489 monaobo

115 1534 254 1584 nostrum
283 1526 342 1585 sibi
367 1530 512 1588 loannem
537 1531 596 1590 risi
615 1540 686 1590 sunt
705 1547 876 1609 egnosoere.
917 1549 1022 1589 rerum
1044 1529 1127 1591 haud
1149 1533 1211 1593 seio

116 1643 213 1705 quem
224 1638 313 1687 reete.
344 1632 433 1692 mitto
447 1629 485 1690 de
498 1628 639 1691 monaehi
651 1634 784 1708 nomine,
808 1652 878 1692 oum
889 1630 993 1713 Lydus
1005 1644 1108 1693 nostor
1121 1631 1214 1716 quid-

117 1729 166 1788 vis
176 1732 275 1809 potius
288 1731 380 1791 fuerit
391 1750 485 1814 quem
497 1732 680 1796 monachus:
702 1736 742 1795 sit
753 1731 812 1794 hoo
825 1754 906 1796 error
919 1735 1078 1817 Soylitzee.
1122 1736 1213 1795 oeteri

115 1851 189 1892 vero
212 1853 318 1896 omues
337 1853 412 1917 quos
431 1856 493 1897 uns
506 1848 670 1916 memoret,
693 1835 732 1899 de
746 1857 873 1922 quorum
886 1837 1009 1920 quidem
1023 1847 1120 1898 aetate
1137 1856 1213 1898 oon·

114 1944 193 2010 etet,
214 1954 275 2017 quo
295 1948 430 2019 temporo
451 1939 635 2002 floruerunt't
655 1960 766 2023 nempe
781 1959 886 2003 omnes
900 1951 968 2021 post
980 1942 1142 2022 imperium
1153 1937 1210 1999 do·
1223 1961 1253 2017 p.
1267 1957 1347 2000 xxxv

113 2057 186 2097 mus
206 2041 369 2101 lssuriom:
391 2039 572 2105 Theodorus
592 2042 791 2125 Daphnopete
812 2044 931 2103 sesoulo
949 2046 970 2108 9
993 2054 1045 2104 eut
1065 2042 1213 2124 posterius

116 2138 211 2219 (nem
238 2143 356 2222 scripsit
379 2147 469 2205 etiem
489 2147 584 2205 vitam
607 2146 763 2207 Theodori
783 2142 919 2205 studitae
938 2162 967 2204 e.
988 2147 1050 2210 826
1070 2140 1212 2222 mortui),

114 2243 239 2302 Mortes
249 2242 403 2327 Pephlego
420 2249 512 2328 poulo
528 2259 596 2328 post
612 2267 639 2306 e.
654 2250 732 2322 880,
755 2246 902 2306 Genesim
916 2248 994 2305 oiroe
1007 2264 1036 2305 e.
1049 2245 1127 2320 940,
1149 2245 1212 2304 Iaso

116 2344 250 2404 Auienus
269 2357 336 2425 post
354 2348 434 2423 9493
455 2358 567 2409 utnon
584 2350 623 2409 sit
640 2348 795 2429 probabile
808 2348 888 2406 inter
900 2344 959 2408 hos
968 2357 1092 2428 temque
1107 2365 1213 2405 reeen-

115 2456 165 2507 tes
181 2449 253 2527 poni
268 2450 441 2530 soriptorem
454 2452 597 2530 temporis
610 2450 794 2510 lustiuimei.
838 2446 909 2508 dein
925 2467 1003 2531 quse
1016 2449 1057 2507 eit
1072 2447 1214 2538 Scylitzn,

115 2569 219 2609 noune
238 2569 274 2610 ee
294 2553 327 2609 in
343 2549 492 2611 eiusmodi
505 2554 662 2631 scriptores
674 2554 773 2631 potius
789 2547 895 2610 endere
911 2547 1049 2610 videntur
1061 2551 1114 2630 qui
1127 2552 1213 2629 prin-

116 2654 192 2733 oipis
206 2654 331 2713 alieuius
343 2654 402 2714 riri
411 2655 520 2729 vitem,
540 2656 574 2712 in
586 2674 645 2736 que
658 2654 861 2729 elaborarent,
883 2654 943 2713 sibi
954 2652 1157 2733 seposueriut‚
1178 2660 1212 2710 ut

116 2755 327 2815 Constantinus
348 2757 457 2816 ciem
477 2757 583 2816 Bestlti
602 2754 776 2816 Macedonis
799 2756 866 2832 eri,
894 2764 929 2813 nt
947 2756 1037 2814 Anne
1058 2753 1212 2812 comneno

114 2856 219 2917 Alexii
231 2858 344 2936 petris,
365 2876 458 2939 quem
470 2859 504 2918 iu
518 2856 655 2939 Lydum,
676 2859 729 2939 qui
744 2858 936 2939 antiquitates
951 2857 1101 2914 Romanos
1114 2854 1211 2913 multo

115 2969 165 3020 est
181 2962 280 3038 magis
300 2978 393 3042 quem
411 2981 459 3021 res
478 2962 635 3022 Iustiniani
655 2978 695 3019 ex
715 2962 867 3040 proposito
882 2954 1076 3040 perreoutus‘i
1119 2975 1212 3037 quere

115 3062 168 3122 rel
186 3061 289 3121 looum
307 3064 446 3123 vitiatum
467 3083 549 3140 esre,
570 3063 620 3122 vel
632 3063 681 3142 egi
693 3064 827 3142 suspicor
844 3059 881 3120 de
895 3058 1026 3142 quodem
1041 3058 1154 3118 seeouli
1169 3058 1211 3122 10

115 3165 260 3246 soriptors
274 3169 405 3242 lomue,
427 3175 458 3226 et
470 3164 556 3247 Lydo
569 3166 623 3225 illo
637 3174 667 3223 et
681 3162 846 3224 moueoho:
870 3160 952 3221 huno
965 3171 1065 3220 eutem
1079 3179 1144 3220 esre
1160 3167 1213 3219 eut

115 3271 240 3329 omniuo
254 3264 407 3350 perditum
422 3278 474 3327 aut
489 3278 568 3328 osrte
583 3266 683 3327 edhuo
698 3278 729 3327 et
739 3267 889 3327 ineditum
904 3274 933 3324 et
947 3266 1125 3344 ignoratum.

200 3373 273 3432 Post
284 3371 404 3451 cpolim
418 3389 445 3429 n.
464 3368 543 3436 1204
558 3390 576 3429 e
588 3371 697 3431 nostris
706 3367 879 3430 hominibus
891 3376 1024 3447 neptum,
1046 3385 1116 3425 oum
1127 3362 1209 3422 mul·
1230 3367 1270 3431 16

115 3469 156 3529 tis
173 3473 336 3550 repentinis
352 3473 453 3552 reguis
465 3470 598 3555 undique
613 3475 725 3534 exortis
741 3473 866 3531 Greeoie
880 3468 1026 3530 diuturnis
1040 3466 1210 3528 dimicatio-

114 3572 206 3631 nibus
226 3572 380 3652 flagrent,
408 3573 663 3657 quemadmodum
685 3575 883 3657 complurium
904 3573 1045 3648 eliorum,
1067 3572 1110 3630 ite
1130 3564 1210 3649 Lydi

115 3692 238 3755 quoque
256 3677 389 3758 reliqum
407 3679 579 3737 moriente
599 3676 717 3738 oodioes
735 3678 907 3755 absumptos
923 3695 988 3736 esse
1001 3670 1142 3734 oredibile
1154 3678 1210 3745 est,

112 3787 235 3857 prester
247 3798 343 3858 peuoe
357 3780 422 3839 eim
437 3791 466 3839 et
479 3782 580 3839 ieiune
593 3790 751 3861 exoerptn,
773 3778 899 3859 quibus,
920 3787 1081 3859 postquem
1097 3791 1210 3852 urgen-
1221 3803 1251 3859 ρ.
1266 3796 1347 3843 mv

113 3879 196 3940 tibus
215 3881 326 3942 Turris
344 3882 463 3943 literato
483 3884 608 3941 Greeoin
627 3884 661 3941 in
680 3879 872 3942 Occidentem
884 3877 1045 3939 transfudit
1056 3896 1137 3951 sese,
1159 3874 1209 3933 bi-

112 3978 283 4041 bliotheese
306 3994 427 4045 nostrae
447 3995 632 4066 postremum
654 3984 827 4065 perfugium
848 3980 1057 4063 praebuerunt.
1097 3975 1146 4037 hie
1171 3975 1210 4036 de

112 4088 266 4165 exoerptis
291 4087 466 4167 siugulatim
492 4107 573 4148 uuuo
598 4085 707 4147 dioem.
751 4084 948 4164 suspiriorum
966 4101 1038 4141 eene
1059 4088 1089 4138 et
1105 4080 1210 4139 multis

110 4186 280 4245 umitornm
294 4190 441 4251 erroribus
452 4190 657 4272 perturbatum
670 4188 842 4268 negotium,
863 4183 918 4246 sed
930 4203 1029 4265 neque
1044 4183 1177 4242 alienum
1190 4200 1209 4240 e

113 4307 167 4367 re,
187 4297 220 4351 et
235 4291 286 4352 oui
297 4292 361 4352 iem
373 4310 453 4353 nuno
466 4289 648 4376 quotidianis
662 4311 731 4354 sum
744 4286 852 4354 studiis
867 4286 1059 4349 essuefsotur.
1101 4283 1210 4346 horum
