2742 4642
528 242 798 369 minemo(
1134 320 1212 371 uu

98 501 247 566 nudum
261 495 440 576 lonitmsle,
460 492 545 582 quod
566 499 706 582 proxime
723 498 876 584 seqnitur,
898 496 1014 562 editum
1027 497 1090 563 iem
1103 512 1210 565 exste-

100 625 160 686 bet
186 625 222 683 in
246 621 312 684 leni
336 618 489 698 Rulgersii
510 620 608 701 Variis
629 622 822 683 Lectionibus
843 617 941 701 bugd.
961 623 1029 682 Bet.
1054 624 1154 701 1618,
1176 621 1209 702 4,

99 764 137 825 p·
148 740 349 816 247-260,
369 735 514 801 mendose
536 738 719 818 admodum,
740 760 802 804 non
819 742 863 801 ite
880 750 983 803 temen
1002 752 1037 802 ut
1051 742 1115 800 eius
1128 761 1208 823 quo·

102 882 168 947 qne
188 859 371 942 comparatio
398 876 468 918 eum
493 858 595 921 codiee
617 873 721 923 nostro
747 881 811 922 non
833 862 902 921 usui
919 860 997 921 mihi
1013 861 1053 922 sd
1070 860 1207 923 tollenda

101 980 221 1043 mendo
235 979 381 1043 nonnulle
393 979 490 1040 nostri
505 980 612 1058 fuerit3
634 977 716 1063 quod
732 981 846 1062 patebit
861 982 1030 1062 legentibus
1044 1002 1085 1043 ex
1097 984 1208 1043 leutio-

102 1121 185 1164 num
202 1120 297 1183 prope
320 1097 419 1160 dinem
438 1099 555 1161 infinite
569 1103 729 1178 verietate,
750 1100 784 1159 in
799 1118 853 1161 ore
866 1121 900 1203 p·
915 1104 1093 1167 ooo-381
1111 1121 1209 1183 eppo·

104 1221 177 1283 site.
231 1221 408 1283 Tenitruele
439 1222 572 1299 Fonteii,
602 1224 705 1285 Dieeio
732 1219 846 1301 Nigidii
873 1222 1064 1283 subiunutum
1089 1244 1122 1304 p·
1145 1226 1209 1288 382

104 1337 238 1401 hebetur
255 1340 288 1399 in
309 1339 376 1403 eod.
394 1343 489 1422 Regio
506 1344 588 1409 2881
605 1340 660 1404 fol.
678 1345 720 1408 70
736 1345 876 1406 verso-71
891 1353 984 1417 reoto;
1004 1344 1090 1425 isque
1110 1339 1209 1405 eodex

105 1477 201 1540 saepe
221 1458 361 1522 leudstus
379 1464 413 1522 in
432 1462 597 1523 lectionum
615 1462 777 1537 venietete,
799 1461 856 1522 sub
874 1462 953 1541 siglo
972 1463 1038 1522 eod.
1058 1463 1139 1542 neg.
1158 1462 1210 1520 in·

107 1577 292 1660 telligendus
315 1592 371 1643 est.
411 1582 561 1645 Labeonis
584 1581 758 1643 observatio
781 1578 818 1640 de
835 1582 1030 1660 fulminibus,
1051 1580 1205 1661 p.336-
1221 1595 1250 1652 p·
1267 1592 1322 1634 xm

108 1699 194 1780 888,
217 1712 315 1762 exstet
338 1704 413 1765 item
435 1705 469 1762 in
495 1700 562 1763 eod.
585 1703 661 1781 neg.
684 1703 767 1764 2381
789 1700 843 1762 fol.
863 1705 904 1766 71
927 1713 1025 1777 κοῖος
1056 1702 1209 1782 dureque

108 1823 322 1883 eemmenutio
338 1821 473 1885 eiusdem
489 1821 674 1903 argumenti,
698 1838 774 1903 qnee
792 1822 960 1882 eontinetun
975 1844 1006 1904 p.
1017 1820 1209 1899 888-848,

107 1939 143 2000 in
157 1942 254 2021 Regio
273 1941 374 2024 (nunu
387 1940 521 2025 Veneto)
542 1938 623 2018 324,
645 1958 739 2022 quem
753 1944 930 2002 memoravi.
971 1943 1147 2024 Disquisitio
1170 1939 1209 2000 ds

107 2062 208 2121 oensis
230 2070 478 2137 terraemotum,
507 2082 539 2142 p·
561 2061 641 2138 818,
673 2081 743 2120 oum
765 2062 840 2120 item
861 2065 895 2121 in
917 2060 983 2122 eod.
998 2066 1079 2129 2381
1096 2062 1150 2122 fol,
1167 2065 1211 2126 70

107 2190 203 2254 reete,
223 2190 289 2239 tum
303 2180 336 2238 in
352 2180 448 2260 Regio
467 2181 545 2243 1991
561 2181 616 2241 fol.
633 2184 648 2242 1
665 2190 758 2254 resim·
778 2182 822 2239 its
835 2191 937 2240 tamen
953 2192 988 2240 ut
1002 2183 1029 2240 is
1046 2199 1137 2262 quem
1151 2198 1211 2259 po-

107 2302 222 2362 sterius
241 2302 410 2378 nomineei,
440 2300 540 2360 verbis
561 2299 700 2381 plurimis
719 2299 885 2360 immutatis
907 2310 959 2360 eut
981 2299 1210 2381 praetermissis,

109 2422 263 2502 epitomen
279 2423 379 2500 potius
392 2402 485 2503 quem
496 2419 699 2498 fragmentum
711 2418 791 2501 Lydi
804 2423 956 2482 continere
970 2417 1117 2480 videetur.
1158 2437 1211 2478 se-

110 2542 237 2622 quentis
247 2538 319 2600 inde
332 2558 350 2596 e
364 2557 390 2599 o.
406 2538 447 2603 54
464 2557 525 2598 non
539 2539 638 2599 solnm
654 2540 686 2599 in
705 2538 836 2617 duobus,
858 2559 934 2621 qnos
948 2536 1031 2616 dixi,
1052 2536 1141 2601 eodd.
1153 2559 1212 2598 ex-

109 2669 207 2735 stent,
226 2657 281 2719 sed
297 2661 443 2739 impresse
460 2677 580 2741 quoquo
597 2669 667 2718 sunt
684 2662 717 2719 in
733 2658 804 2719 edit.
821 2656 1000 2720 Sebowiene
1016 2660 1152 2740 opusculi
1164 2661 1210 2718 De

109 2779 268 2840 mensibus
282 2799 314 2860 p·
331 2782 439 2845 180-
451 2778 529 2855 184,
550 2779 657 2838 vitiose
673 2775 853 2856 admodum,
877 2776 960 2860 quod
977 2776 1088 2838 mendo
1100 2774 1211 2838 codicis

109 2896 311 2961 bibliothecae
326 2898 506 2977 Angelieee,
529 2896 611 2958 unde
624 2895 683 2959 hoe
700 2899 902 2978 fragmentum
916 2898 1041 2977 protulit
1052 2898 1085 2956 in
1099 2898 1210 2973 lucem,

110 3021 286 3100 ingeniosus
309 3017 464 3099 literisque
486 3022 652 3100 perpolitus
669 3016 766 3078 editor
780 3018 886 3079 tollere
902 3019 1003 3077 omniu
1019 3035 1082 3075 non
1098 3018 1211 3109 ςυὶγίῐς

112 3136 196 3222 qued
209 3136 301 3215 mihi,
324 3137 526 3218 compluribus
544 3137 631 3199 codd.
647 3148 794 3220 tunquam
811 3134 1001 3195 adminiculis
1020 3153 1092 3210 uso,
1112 3135 1211 3194 multo

110 3254 170 3319 fuit
190 3258 320 3317 feeilius.
363 3267 514 3336 postremo
533 3232 744 3321 bdendarium
764 3267 851 3317 uetus
873 3258 1044 3318 Romanum
1060 3273 1129 3313 eum
1145 3262 1212 3314 ortu

112 3397 279 3460 oeeesuque
293 3376 457 3453 stellarum,
480 3376 559 3459 quod
568 3398 762 3459 parapegme
774 3376 937 3436 secundum
947 3375 1114 3435 Ptolemaei
1125 3383 1213 3433 voeet

114 3498 231 3557 Herles.
251 3495 330 3554 Bibl.
351 3493 438 3558 Gru-5
458 3497 582 3575 2911,
607 3496 748 3580 quodque
769 3519 786 3557 e
807 3496 923 3576 seriptis
942 3493 1047 3560 Claud.
1062 3495 1157 3555 Tusci
1173 3490 1214 3551 ed

113 3615 238 3674 verbum
256 3633 288 3674 se
305 3616 489 3694 expressisse
503 3615 606 3696 Lydus
626 3618 667 3676 eit
680 3636 712 3697 p·
726 3615 805 3691 867,
825 3617 933 3675 Letine
947 3616 1010 3674 iem
1027 3631 1132 3672 cusum
1149 3618 1213 3668 eret

111 3732 144 3791 in
163 3734 281 3791 Petevii
301 3734 484 3814 Urunologio
506 3734 857 3816 (Lutet.Peris.1630,
878 3735 932 3794 fol.
955 3734 1039 3799 94-
1055 3727 1135 3807 101)
1157 3727 1212 3789 sub
1229 3755 1258 3810 p.
1275 3752 1326 3791 xiv

111 3854 235 3912 nomine
250 3854 428 3930 Ptolemaei,
447 3875 504 3935 pen
516 3856 674 3915 Nieoleum
687 3855 852 3914 Leonieum
866 3876 882 3914 e
896 3856 1009 3913 Gneeoo
1024 3849 1213 3909 translatum.

112 3989 206 4053 quem
231 3973 356 4033 Leouiei
379 3976 547 4035 versionem
572 3975 686 4055 possim
712 3975 889 4034 reueotevi:
922 3975 1069 4032 Graecum
1093 3978 1214 4027 textum

111 4110 194 4151 nune
205 4093 338 4173 primum
351 4089 433 4152 edidi
446 4114 487 4152 ex
499 4092 587 4153 eodd.
601 4094 706 4169 tribus,
727 4114 837 4175 nempe
854 4093 1022 4167 Geseolino,
1042 4094 1117 4171 Reg·
1130 4090 1214 4156 2381

110 4210 167 4273 fol.
181 4211 224 4279 74
232 4215 348 4279 rece-7
349 4210 369 4278 6
376 4231 460 4274 verso
475 4211 581 4295 (quem
591 4214 624 4274 in
636 4214 749 4275 notulis
759 4210 892 4273 indicavi
905 4212 982 4293 siglo
994 4211 1058 4289 illo,
1065 4211 1146 4291 Reg.
1153 4207 1214 4289 A),
