2742 4642
471 293 717 366 PRAEFATIO.
1085 322 1150 371 nm

33 489 163 553 aridum
178 488 220 553 eit
236 501 268 553 et
280 490 362 554 exile
373 489 408 555 id
422 503 646 576 argumentum,
664 505 768 557 tamen
781 498 950 560 necessario
964 518 1061 581 penae
1071 502 1148 563 eub-

32 614 175 694 iungam.

116 731 478 815 DixiinProlegomanis
492 731 532 795 ad
545 736 755 817 Magistratus,
774 758 806 819 p.
818 755 903 798 mr
916 755 980 819 sq„
1002 737 1137 801 codicem
1159 743 1180 804 8

31 851 320 929 membranaceum,
352 871 388 913 ιι
405 856 456 915 vel
474 875 500 915 x
520 857 647 932 saeculi,
681 859 862 919 continuisse
892 860 967 918 olim
985 861 1043 918 tria
1060 860 1141 941 Lydi

33 991 146 1052 opera,
167 971 282 1030 librum
296 972 345 1031 De
360 974 531 1051 mensibus,
552 978 598 1035 Ile
616 979 758 1053 ostentis,
779 978 826 1037 De
839 978 1065 1056 magistratibus
1077 980 1141 1038 llo·

32 1093 153 1167 manie3
175 1088 232 1151 sed
255 1108 325 1149 cum
343 1092 405 1150 iam
427 1091 465 1151 ad
487 1093 607 1173 Cpolim
622 1096 699 1154 circa
717 1115 745 1154 a.
765 1098 844 1162 1785
858 1099 1043 1156 inveniretur
1053 1099 1141 1158 initio

32 1209 139 1268 etfine
153 1218 296 1284 mous,
317 1227 473 1288 superesse
497 1214 526 1271 ei
548 1210 639 1274 hodie
661 1213 809 1274 duntaxat
829 1217 903 1275 folia
924 1219 1003 1291 1023
1029 1214 1140 1275 horum

33 1325 91 1387 duo
110 1328 266 1407 pertinere
279 1325 318 1386 ad
331 1328 443 1387 librum
456 1332 502 1390 De
517 1335 689 1410 mensibus,
710 1339 751 1400 37
768 1334 807 1394 ad
819 1335 930 1395 librum
943 1336 989 1392 lle
1002 1335 1137 1409 ostentis,

31 1448 154 1528 relique
173 1445 214 1506 ed
230 1450 432 1528 Magistratus.
475 1473 516 1512 ex
530 1454 591 1513 illis
608 1458 650 1518 37
673 1455 738 1535 (De
756 1450 899 1531 ostentis)
920 1454 962 1517 26
974 1454 1138 1532 posteriora

30 1568 129 1627 fuisse
152 1577 276 1627 consuta
294 1580 450 1629 numerata
470 1570 610 1631 adiuncta
630 1572 670 1632 sd
689 1593 797 1653 corpus
816 1569 943 1646 codicis3
967 1576 1004 1635 tt
1024 1573 1135 1652 priora,

31 1695 175 1768 separata
188 1707 256 1746 oum
271 1700 355 1748 extra
369 1690 504 1750 codicem
522 1701 588 1750 tum
600 1693 682 1751 inter
691 1713 741 1768 se,
763 1690 878 1751 adiecta
893 1693 985 1751 fuisse
999 1692 1032 1749 iu
1045 1693 1136 1752 inro-

30 1809 116 1867 luoro
136 1804 289 1888 quodam,
312 1810 427 1892 absque
447 1812 596 1871 nurnerali
610 1821 682 1871 nota
696 1812 771 1871 ulla.
814 1831 850 1870 ee
864 1830 921 1891 ego
936 1812 973 1874 11
990 1811 1080 1888 folia,
1100 1823 1136 1872 ut

33 1931 168 2007 primum
187 1947 346 2008 eggressus
366 1927 445 1988 hanc
467 1928 630 1990 editionem
653 1950 738 2006 eum,
759 1928 884 1990 disiema
901 1941 1073 2012 temereque
1087 1932 1136 1990 ir·
1152 1947 1181 2002 1>-
1199 1945 1231 1984 vt

34 2051 129 2107 centia
142 2051 187 2107 its
201 2046 360 2129 disponere
374 2067 576 2109 annumerare
591 2050 692 2128 coepi,
713 2059 748 2107 ut
760 2049 903 2108 iubebant
919 2061 1136 2129 conspectant

33 2188 151 2229 summa
168 2171 270 2250 operis
288 2190 319 2250 p·
335 2173 397 2234 277
421 2173 436 2232 1
460 2170 608 2247 expositu.
651 2165 744 2247 idque
757 2176 822 2225 tam
836 2168 913 2226 bena
928 2170 1017 2227 cessit
1031 2178 1083 2244 ut,
1104 2170 1133 2230 si

33 2311 175 2352 exorsum
188 2290 260 2349 libri
266 2291 345 2369 put
346 2288 367 2350 3
375 2288 511 2369 foliaque
522 2288 575 2345 illa
588 2287 723 2366 ex'uipias
739 2304 816 2368 quae
831 2287 864 2345 in
882 2298 1019 2347 extremo
1034 2289 1131 2368 capite

34 2409 69 2469 de
75 2411 276 2491 eclipsibusp·
284 2409 381 2473 2852
396 2404 572 2466 exciderunt
587 2406 798 2488 (qsmetamen,
814 2409 1131 2487 qummmesstsitum

34 2531 64 2588 in
81 2531 191 2605 nobis,
212 2531 324 2588 Graece
345 2528 486 2608 supplere
506 2528 604 2586 conati
628 2524 770 2607 sumus),
796 2529 871 2586 item
889 2527 1032 2585 lacunam
1053 2529 1133 2586 iuter

34 2659 121 2729 eaput
135 2647 177 2714 15
191 2658 222 2707 et
235 2650 291 2723 16,
311 2667 343 2726 ρ.
357 2649 420 2711 291
435 2651 477 2721 7,
494 2657 528 2705 ut
541 2656 626 2707 extra
642 2644 734 2722 baeu,
755 2648 896 2728 inquam,
917 2642 996 2703 nihil
1007 2649 1131 2706 ornnino

35 2788 73 2826 ex
86 2778 152 2828 toto
164 2768 242 2827 libro
257 2763 334 2825 mihi
350 2763 472 2847 quidem
486 2767 519 2825 in
533 2769 685 2846 praesenti
707 2763 811 2826 deesse
833 2763 980 2824 rideatur.
1024 2766 1131 2825 cunfli-

33 2887 132 2946 ctaber
142 2907 230 2962 tero,
250 2894 379 2945 nauem
391 2880 468 2943 lreao
478 2887 518 2949 37
532 2886 621 2961 folia,
643 2883 760 2946 duobus
771 2886 947 2965 praesertim
958 2885 1130 2942 incommo-

35 3003 94 3082 dis,
116 3006 210 3067 altaro
224 3006 368 3086 peculiari
380 3003 528 3084 prioribus
540 3006 683 3084 pagellis,
705 3005 798 3063 altero
813 3002 962 3083 generali,
985 3020 1045 3081 quo
1059 3003 1129 3059 uni-

33 3145 134 3186 versus
152 3126 269 3185 laboret
288 3122 396 3185 codex.
437 3133 531 3182 scatet
553 3125 634 3182 enim
648 3121 766 3182 mendis
780 3142 872 3202 prope
887 3121 1053 3180 innumeris
1065 3139 1128 3178 non

35 3243 124 3306 modo
143 3247 177 3305 in
197 3245 342 3325 scriptura
355 3244 530 3318 verborum,
552 3210 607 3308 iad
621 3244 653 3301 in
668 3244 827 3322 spirituum
840 3258 961 3321 quoque
975 3249 1006 3298 et
1020 3258 1129 3297 accan-

35 3373 119 3424 tuum
139 3363 267 3440 ratione,
288 3365 386 3443 prima
404 3381 498 3423 manu
514 3364 697 3442 positorum,
718 3358 773 3420 sed
785 3379 923 3440 persam
937 3359 1126 3440 plerumque.

36 3502 183 3565 quamque
198 3485 237 3543 rit
252 3485 358 3545 vitiose
373 3485 516 3564 scriptus,
537 3483 697 3561 praecipue
711 3481 863 3559 apperuit,
884 3479 937 3538 ubi
947 3480 1032 3536 licuit
1046 3496 1126 3551 eum,

36 3613 100 3682 post
112 3623 138 3662 o.
149 3606 202 3678 20,
219 3622 288 3662 cum
298 3604 366 3664 attis
376 3601 464 3663 codd.
478 3603 592 3663 Veneto
609 3611 637 3661 et
649 3603 751 3680 Regiis
764 3599 897 3660 conferre
906 3618 916 3674 3
938 3600 1001 3679 qui,
1017 3614 1126 3677 quam·

36 3724 79 3782 ris
94 3732 243 3799 recentes,
265 3742 370 3784 omnes
383 3732 485 3781 tamen
499 3721 656 3781 Oaseolino
670 3717 887 3779 emendatiores
897 3710 993 3778 sunt*

113 3842 250 3903 Alterum
261 3840 503 3916 incommodum,
524 3838 616 3921 idque
628 3841 841 3919 longemaius‚
863 3847 942 3911 eret,
964 3832 1121 3923 ει187ἲο-
1141 3826 1163 3895 4

36 3958 82 4022 tir
91 3962 202 4022 librum
212 3964 257 4020 De
270 3962 395 4021 ostentis
409 3960 627 4021 continentibus
638 3961 814 4039 praesertim
829 3961 869 4022 10
880 3956 980 4036 priora
994 3970 1059 4011 esse
1073 3952 1122 4010 la·
1140 3970 1169 4025 p.
1186 3969 1228 4007 rrr

37 4101 113 4160 cera,
132 4079 317 4163 madoreque
339 4091 369 4140 et
390 4089 537 4142 venustata
556 4077 631 4138 adeo
644 4076 751 4138 effode
766 4086 800 4137 ut
818 4092 853 4133 ea
867 4073 1059 4154 potissimum
1073 4092 1123 4131 re-

37 4202 163 4282 tpexitae
180 4199 319 4264 rideatur
335 4203 383 4265 vir
399 4199 559 4282 multiplici
574 4195 709 4261 doctrina
724 4196 852 4277 insignis
869 4202 981 4253 etcum
993 4193 1027 4252 in
1038 4191 1122 4252 anmi
