2742 4642
480 320 822 393 COMMENTARIUS.
1163 341 1199 389 rx

97 524 183 586 rebat
204 522 425 606 praefectorum
445 525 688 587 commutatione.
741 524 781 586 ad
810 525 1051 607 augustalitatem
1076 543 1197 607 quoqne

96 640 189 711 atque
212 626 288 687 adeo
309 626 518 709 progrediente
535 640 630 689 aetate
645 628 684 689 ed
700 631 884 690 corniculum
895 631 1044 710 pervenit,
1066 630 1197 709 quierat

95 732 296 790 militantium
314 733 349 790 in
369 731 485 791 scriniis
503 730 613 811 gradus
636 752 707 791 cum
729 733 932 812 amplissimus
954 743 1019 791 tum
1035 732 1125 790 etiam
1139 733 1197 791 flo-

97 844 182 894 rente
193 835 343 914 praetorio
354 835 488 892 maxime
502 835 688 894 fructuosus:
709 835 894 893 tribuebatur
907 837 987 892 enim
997 855 1051 913 per
1063 854 1197 894 annuum

97 938 249 1018 spatium,
272 955 327 1015 pro
346 937 498 995 minorum
519 936 684 996 officiorum
701 934 828 996 honeste
843 935 1034 995 decursorum
1052 940 1195 1017 praemio,
1212 953 1241 1010 p.
1259 953 1302 991 vn

96 1037 272 1099 bominibus
290 1039 368 1097 bene
386 1040 502 1097 meritis
523 1058 558 1098 ac
577 1040 736 1098 veteranis.
778 1036 833 1097 sed
851 1036 970 1117 Lydus,
992 1059 1061 1098 cum
1074 1042 1151 1099 circa
1168 1060 1197 1100 a.

98 1140 211 1201 christi
227 1142 287 1208 551
305 1161 340 1200 eo
355 1140 533 1217 emersisset,
553 1153 670 1222 praeter
684 1160 770 1221 spem
783 1143 882 1200 amisit
895 1149 992 1199 totum
1005 1141 1093 1219 illud,
1115 1141 1198 1225 quod

99 1251 164 1304 erat
179 1262 234 1323 spe
251 1238 443 1320 devoratum,
465 1245 694 1303 cornicularium
706 1245 833 1302 lucrum.
874 1240 980 1301 incidit
993 1245 1075 1302 enim
1089 1245 1121 1302 in
1135 1246 1198 1303 mi·

99 1346 261 1406 serabilem
288 1338 483 1404 eversionem
502 1345 667 1405 officiorum
695 1349 921 1426 maximamque
945 1346 1199 1424 perturbationem

100 1446 277 1527 disciplinae
289 1448 398 1507 veteris
411 1465 446 1507 ac
459 1445 689 1509 diminutionem
700 1452 902 1531 vectigalium,
925 1468 960 1507 eo
974 1468 1070 1530 usque
1083 1457 1116 1506 ut
1129 1467 1199 1505 cum

100 1561 192 1609 antee
201 1551 412 1610 cornicularius
424 1570 479 1610 suo
494 1570 572 1612 auno
586 1572 627 1611 ex
640 1553 704 1612 sola
713 1564 847 1612 actorum
855 1552 1070 1631 subscriptione
1080 1560 1198 1629 caperet

101 1672 165 1713 non
177 1654 275 1712 minus
288 1654 373 1712 mille
388 1652 510 1730 solidos,
525 1653 627 1734 Lydus
642 1655 795 1715 confirmet
810 1660 830 1720 3
851 1656 892 1721 25
909 1675 940 1735 p.
954 1655 1017 1718 218
1035 1654 1056 1716 3
1075 1673 1106 1712 se
1120 1650 1198 1710 nihil

101 1767 171 1836 post
188 1754 342 1815 diuturnos
361 1756 479 1816 labores
499 1776 591 1838 quem
612 1777 725 1817 vanum
740 1777 853 1818 nornen
871 1767 1078 1833 consecutum,
1097 1775 1199 1836 neque

100 1877 119 1916 a
138 1859 276 1937 principe
294 1876 395 1939 neque
418 1878 458 1917 ex
475 1859 723 1940 completionibus
744 1860 843 1941 (quae
865 1870 949 1919 erant
969 1879 1038 1940 pars
1055 1856 1198 1939 stipendii

100 1963 303 2021 corniculariis
316 1959 488 2041 constituti)
509 1965 657 2044 accepisse
668 1982 795 2021 numum
805 1962 912 2041 ullum,
935 1964 1063 2045 denique
1077 1980 1199 2021 omnem

99 2063 165 2121 fere
176 2065 256 2122 ritae
269 2063 429 2142 superioris
443 2054 574 2124 fructum
587 2063 764 2146 perdidisse.
788 2066 830 2123 ita
841 2065 953 2125 librum
968 2066 1005 2125 de
1014 2064 1200 2144 Magistrati·

98 2164 158 2224 bus
174 2166 348 2245 conscripsit
359 2186 477 2227 summo
493 2188 562 2228 curu
575 2165 729 2228 stomacho
746 2176 836 2247 atque
849 2167 1003 2226 iracundie
1018 2164 1199 2238 irreredibili,

100 2267 292 2349 querelisque
304 2278 401 2325 totum
415 2270 549 2329 refersit:
571 2268 663 2330 vids
680 2271 720 2329 12
736 2268 881 2345 p.2061,
897 2270 957 2331 207
974 2267 1015 2331 23
1030 2266 1200 2330 et20812.

101 2388 162 2427 nec
173 2369 216 2426 ite
230 2368 358 2427 multum
372 2369 490 2428 ridetur
502 2370 601 2428 luctus
612 2368 729 2427 levatus
743 2387 808 2427 esse
823 2371 886 2429 eius
898 2369 952 2427 illo
967 2369 1083 2443 solatio,
1106 2363 1200 2447 quod,

101 2472 130 2532 si
148 2473 248 2528 minus
266 2469 433 2550 stipendio,
455 2472 549 2551 gloria
566 2482 644 2531 certe
659 2492 695 2530 ac
707 2470 797 2531 lande
811 2482 916 2531 anctus
934 2481 996 2547 est,
1019 2489 1088 2528 cum
1102 2488 1120 2527 a
1135 2469 1201 2527 col-

100 2575 180 2654 legis
194 2572 361 2633 officiorum
381 2572 422 2655 (8
443 2578 485 2638 27
505 2594 537 2655 p.
552 2574 616 2637 220
634 2575 675 2636 21
695 2585 725 2633 et
737 2594 769 2655 p.
783 2576 846 2638 223
870 2573 909 2652 1)
932 2582 998 2630 tum
1012 2591 1029 2629 a
1043 2572 1202 2651 praefectis

100 2677 235 2756 ipsisque
257 2676 503 2755 imperatoribus,
529 2674 623 2757 idque
644 2678 780 2735 maxime
802 2674 920 2734 duobus
940 2673 1083 2750 decretis,
1106 2675 1201 2733 altero

100 2779 285 2859 pragmatico
298 2779 455 2837 iustiniani
476 2776 516 2858 (8
536 2781 580 2842 29
600 2798 631 2857 p.
644 2781 709 2842 222
729 2774 789 2857 2),
811 2796 871 2859 quo
885 2778 1039 2836 extollitur
1051 2774 1130 2855 Lydi
1145 2774 1202 2834 do-

101 2882 197 2940 ctrina
216 2881 346 2956 eximia,
368 2882 487 2962 politica
504 2877 679 2956 suavitudo,
702 2878 829 2940 eruditio
850 2881 978 2955 latina,
1008 2880 1316 2950 conferuntnrp.v1n

100 2982 246 3042 beneficia
262 2981 427 3065 quaedam,
447 2984 535 3064 plura
549 2984 781 3061 promittuntur,
802 2979 905 3042 addito
921 2980 1042 3041 hortatu
1057 2991 1091 3040 ut
1103 2982 1202 3061 pluri-

99 3085 159 3145 bus
183 3086 298 3145 civibus
317 3087 482 3165 porrigeret
500 3086 601 3144 lucem
620 3085 756 3164 ingenii3
789 3102 849 3164 qua
872 3081 962 3143 laude
983 3086 1122 3142 incensus
1145 3103 1201 3163 per
1259 3109 1261 3115 v

100 3185 228 3270 aliquod
241 3197 361 3268 tempus
377 3199 422 3248 est
434 3188 553 3269 publice
567 3187 668 3247 nescio
684 3185 759 3268 quid
774 3188 942 3267 professus,
963 3188 1099 3266 linguam
1113 3188 1200 3243 Lati·-

101 3308 191 3367 nam,
215 3292 337 3370 opinor,
364 3292 414 3351 vel
436 3292 598 3366 Graecam3
628 3291 723 3350 altero
745 3287 889 3349 honestae
912 3291 1063 3349 missionis
1093 3288 1135 3370 (3
1158 3290 1201 3351 30

101 3393 205 3472 puts
228 3390 289 3473 16)
310 3412 388 3453 auno
402 3392 479 3470 552,
500 3391 625 3453 sedente
636 3394 669 3451 iu
681 3402 824 3471 suggestu
836 3390 1006 3472 Hephaesto
1019 3414 1051 3473 p.
1066 3414 1109 3473 p.,
1132 3410 1202 3450 cum

100 3505 172 3574 post
184 3484 330 3555 annorum
340 3495 382 3562 40
394 3498 545 3556 meusium
559 3493 580 3558 4
592 3495 749 3570 militiam,
769 3505 918 3555 transacto
931 3497 1081 3555 corniculo
1094 3497 1202 3573 cingu-

99 3598 194 3678 loque
223 3596 377 3679 deposito,
404 3601 592 3677 sexagesimo
620 3595 750 3659 secundo
776 3600 881 3657 aetatis
900 3616 979 3656 anno
1001 3600 1034 3656 iu
1054 3598 1202 3677 palatium

99 3702 257 3776 transiret,
277 3698 392 3761 iuribus
408 3703 593 3782 annonisque
607 3701 798 3760 emeritorum
812 3700 965 3759 furiturus.
1009 3719 1069 3782 quo
1087 3702 1119 3757 in
1138 3699 1200 3757 otio

99 3799 142 3860 ad
163 3801 354 3862 scribendum
375 3813 473 3863 totum
485 3823 518 3862 se
533 3803 676 3878 contulit,
697 3803 761 3861 fere
780 3811 915 3881 ternpore
927 3801 1034 3863 eodem
1050 3822 1108 3883 quo
1123 3803 1200 3858 Pro-

99 3906 208 3985 copius
221 3906 438 3980 Caesariensis,
460 3907 626 3984 imperante
642 3906 798 3964 etiamtum
812 3907 988 3966 Iustiniano.
1031 3906 1079 3963 cui
1094 3922 1133 3960 an
1147 3922 1200 3961 su-

98 4018 216 4088 perstes
231 4009 324 4067 fuerit
341 4010 548 4089 lustinumque
564 4009 729 4084 iuniorem,
758 4010 811 4088 qui
829 4012 971 4068 successit
987 4027 1016 4066 a.
1028 4004 1105 4078 665,
1128 4005 1200 4062 tili·

99 4112 195 4190 gerit,
217 4106 301 4169 haud
321 4111 399 4170 scio:
424 4110 531 4170 inisset
552 4120 618 4170 tum
639 4128 787 4169 annorum
808 4109 860 4175 75.
904 4130 981 4192 quae
1000 4105 1123 4189 quidem
1144 4109 1199 4166 sub

98 4215 168 4273 eius
188 4214 313 4275 nomine
333 4223 450 4276 serrata
466 4223 553 4303 sunt,
584 4232 620 4273 ea
640 4222 719 4273 certe
738 4213 840 4274 omnia
863 4214 918 4274 sub
941 4213 1104 4274 lusfiniano
1124 4210 1200 4271 scri-

96 4316 172 4396 psit.
