2742 4642
141 288 178 339 vr
436 266 548 363 nrsn
571 266 629 335 on
652 265 811 337 tonum
835 266 955 337 imo

229 470 330 534 Sestio
345 469 378 537 4.
420 469 479 546 oui
500 467 663 530 editionem
682 465 792 528 horum
811 468 1048 549 fragmentorum
1061 466 1161 533 adhuc

582 556 716 633 aggressi
740 557 810 614 siut.

214 673 259 728 22
278 672 387 725 lomes
399 669 541 735 Memfim,
558 670 814 742 ionum,
848 670 893 726 23.
912 671 966 725 Iseo
978 673 1105 741 diutiss,
1139 672 1184 728 24.
1202 674 1247 727 to-

147 745 240 815 septae
256 744 290 796 de
305 743 394 803 Iuliis,
427 738 471 793 25.
495 740 601 792 ieamer
614 741 647 792 de
661 741 798 809 Barim,
817 740 940 793 Nicodoro
948 742 1048 797 Sehow.
1091 742 1135 795 26.
1154 744 1247 796 modae

148 816 277 884 epitomae
286 812 346 864 libri
358 811 391 863 de
401 809 530 861 Messiise
543 815 570 862 et
582 810 719 862 neate·
727 810 911 879 fruguum
923 810 984 863 tttrt
997 813 1030 864 de
1045 813 1160 865 oneratis
1172 813 1248 865 editu

147 902 182 1008 pf
200 881 355 967 ppogrupiso
373 878 534 933 Sermiana.
603 878 648 931 27.
666 879 823 948 aspirioeee
836 880 874 932 od
886 880 945 932 toea
958 881 1086 949 paeda
1099 881 1175 935 hiae
1188 882 1248 936 edi·

160 969 235 1008 som.

190 1090 291 1152 Seetio
309 1085 340 1153 6.
381 1087 429 1147 Da
444 1082 546 1147 oodioa
560 1080 716 1149 orsemno
731 1090 822 1167 atque
837 1084 876 1147 de
887 1085 947 1151 imo
960 1086 1092 1149 editione
1106 1087 1205 1168 operis

554 1167 592 1233 da
609 1173 849 1251 magistratibus·¹

218 1292 263 1346 m.
283 1290 339 1357 Quo
356 1289 489 1357 impasto
505 1304 567 1342 eum
580 1288 661 1340 sodor
675 1288 825 1341 Caeeotisas
842 1290 871 1344 ie
885 1291 1002 1345 Grseeio
1014 1290 1086 1361 apud
1100 1288 1202 1358 operta
1212 1287 1250 1342 sit

150 1369 277 1447 eportet.
337 1356 381 1413 29.
399 1373 479 1426 quare
490 1375 542 1410 soa
555 1357 646 1410 nette
658 1357 694 1410 rit
703 1359 803 1427 pattici
815 1358 991 1427 iaiesoetrss.
1047 1360 1092 1415 30.
1108 1376 1177 1412 nors
1193 1358 1250 1410 Vit-

150 1424 272 1494 meris,
289 1427 330 1480 cui
341 1428 436 1481 delato
447 1426 506 1479 erit
519 1426 589 1493 spat
598 1426 688 1479 editio.
745 1425 790 1480 81.
812 1429 875 1481 liter
888 1431 921 1483 rie
934 1428 1137 1501 stagormtttan
1148 1428 1249 1496 tepes-

151 1501 197 1555 dio
217 1506 244 1552 et
264 1496 439 1567 mentio
459 1496 511 1548 oiri
527 1496 636 1547 itiurtris
652 1496 686 1548 de
705 1495 826 1551 ctotueut
836 1498 932 1553 editus.
999 1500 1044 1553 32
1063 1498 1139 1568 origo
1153 1496 1251 1549 redirit

152 1568 292 1621 Cosedisi.
349 1560 393 1619 di·
412 1565 550 1632 descriptio
564 1563 660 1616 eodioie
674 1565 814 1618 carolini.
863 1568 908 1621 84.
926 1566 959 1621 ds
973 1569 1077 1634 solers,
1093 1575 1121 1620 et
1134 1582 1165 1617 ee
1177 1563 1251 1634 quali

152 1638 241 1690 oodioe
251 1637 341 1690 &mus
352 1636 397 1687 etr.
464 1632 510 1688 35.
528 1633 643 1685 eosdios'o
654 1633 781 1686 hodierno
793 1637 889 1693 rodida
901 1638 1038 1693 οωωιὲιὶ.
1105 1635 1150 1691 86.
1167 1634 1251 1691 editio

153 1707 214 1762 tttrt
225 1706 259 1761 do
272 1704 384 1759 Osteatis
394 1719 425 1758 er
437 1703 527 1758 eodem
540 1702 628 1757 oodioe
639 1704 778 1772 promtu.

596 1937 804 1950 ''fl-*¹*

116 2121 137 2185 1
157 2076 269 2217 Quod
288 2108 466 2174 iamdudum
484 2114 667 2195 percrebruit
686 2135 749 2176 non
770 2111 862 2176 modo
885 2114 917 2174 in
935 2114 1034 2175 Gallis
1052 2111 1106 2175 sed
1126 2114 1160 2173 in
1174 2113 1253 2173 Ger-

153 2219 257 2276 manis
278 2233 398 2298 qnoque
419 2223 449 2272 et
469 2214 502 2270 in
521 2224 584 2271 tota
603 2234 700 2293 paene
714 2219 836 2299 Europa
849 2219 984 2293 literata,
1008 2220 1073 2279 fore
1086 2228 1120 2276 ut
1132 2216 1252 2277 loannis

153 2316 235 2397 Lydi
256 2314 371 2374 inedita
392 2310 491 2372 adhno
512 2333 603 2392 opera
623 2334 663 2374 ex
685 2327 803 2379 vetusto
825 2318 927 2378 codiee
947 2318 1034 2396 cpoli
1050 2316 1205 2398 deportato
1220 2319 1253 2375 in

146 2418 257 2493 ‚insen
277 2413 447 2496 prodirent,
480 2414 620 2501 quodque
642 2429 673 2477 et
692 2420 855 2498 probatum
871 2422 1006 2479 maxime
1026 2439 1046 2478 a
1063 2421 1137 2479 viris
1160 2418 1256 2481 doctis

156 2520 361 2600 compluribus
374 2528 420 2578 est
433 2528 464 2576 et
477 2529 622 2598 optatum,
644 2517 678 2578 id
691 2540 772 2580 nuno
784 2531 960 2600 praestatur.
1003 2539 1132 2600 eumque
1144 2522 1191 2578 vir
1202 2521 1256 2578 ifle

156 2624 378 2697 nobilissimus,
413 2621 462 2679 oui
485 2639 522 2679 ea
541 2639 632 2700 opera
650 2623 832 2683 inventionis
851 2625 917 2682 iure
938 2624 1059 2702 proprie
1080 2631 1152 2680 sunt
1174 2622 1257 2681 faeta

157 2727 271 2808 quique
292 2725 346 2783 illa
369 2740 450 2780 nuno
472 2721 624 2805 vulganda
643 2734 745 2801 curat,
767 2725 931 2803 rogavisset
946 2722 1168 2783 adolescentem
1184 2725 1257 2783 lite-

73 2852 102 2902 p.
119 2845 144 2887 11
160 2847 262 2887 rarum
282 2828 464 2885 Graecarum
483 2823 750 2904 studiosissimum,
771 2806 963 2887 Dominioum
978 2828 1071 2902 Fusa,
1091 2836 1258 2887 attextum

156 2928 247 2991 huius
270 2928 368 3010 operis
392 2945 486 3008 quam
502 2924 731 3007 diligentissime
747 2931 908 3008 corrigeret
923 2932 1090 3011 latinaque
1107 2930 1258 3009 interpre-

156 3034 269 3093 tatione
283 3033 462 3104 illustraret,
483 3041 656 3110 pergratum
669 3029 747 3090 mihi
761 3030 869 3091 aocidit
882 3041 917 3091 ut
932 3052 973 3094 ex
988 3050 1057 3092 mes
1073 3051 1193 3115 qnoque
1207 3031 1258 3090 iu-

158 3138 268 3196 oultata
284 3131 399 3216 aliquid
411 3134 444 3192 in
455 3129 514 3191 hoo
527 3152 603 3213 opus
616 3136 751 3194 conferre
765 3153 937 3216 nomenque
951 3154 1055 3193 meum
1069 3144 1133 3193 tam
1148 3131 1259 3193 lauda·

157 3237 214 3297 bili
228 3235 349 3318 incepto
362 3237 508 3296 ascribere
519 3256 651 3318 possem.
693 3238 806 3296 electus
818 3238 900 3294 enim
912 3255 930 3294 a
943 3235 1055 3296 oodioie
1070 3234 1192 3295 domino
1205 3254 1258 3294 aas

158 3346 259 3421 partes
277 3340 412 3420 sosoepi,
432 3349 467 3398 ut
482 3340 634 3420 praefarer
647 3358 726 3422 quae
740 3340 867 3399 lectores
882 3339 958 3398 scire
971 3340 1107 3397 maxime
1122 3336 1259 3395 referret.

162 3461 255 3524 quare
278 3460 355 3522 quae
374 3442 408 3500 in
427 3453 561 3503 mentem
581 3441 743 3502 veniebant
763 3460 833 3499 oum
852 3440 964 3500 librum
984 3440 1200 3520 perlegissem,
1221 3455 1259 3497 ea

162 3544 308 3623 seriptum
325 3545 464 3624 persequi
482 3554 514 3603 et
533 3547 566 3603 in
578 3547 712 3627 quinque
725 3554 827 3625 partes
841 3541 996 3623 dispertire
1012 3543 1109 3621 coepi.
1150 3537 1260 3598 harum

162 3646 292 3727 primam
308 3645 399 3705 tribui
412 3643 553 3706 historiae
567 3651 711 3724 auctoris,
733 3644 898 3707 secundam
908 3647 979 3707 fatis
991 3646 1169 3725 scriptorum
1181 3638 1262 3722 Lydi

162 3747 266 3812 medio
286 3766 376 3823 aevo,
406 3750 527 3807 tertiam
548 3748 672 3811 elenoho
690 3751 927 3829 fragmentorum
952 3749 1017 3807 eius
1037 3746 1151 3826 possim
1165 3744 1262 3802 inbi-

164 3849 324 3912 biiotheois
343 3853 537 3913 exstantium.
580 3856 613 3911 in
635 3863 740 3935 quarta
759 3851 825 3912 dixi
842 3854 895 3934 qui
908 3850 1066 3934 quippiam
1078 3849 1143 3907 eius
1156 3843 1263 3905 edide-

164 3954 225 4012 rint
243 3956 294 4014 vel
313 3955 497 4014 instituerint
517 3952 624 4030 edere3
645 3957 678 4015 in
698 3958 803 4036 quinta
825 3974 886 4036 quo
903 3955 1057 4031 insperato
1080 3936 1152 4011 oasu
1172 3966 1263 4027 opera

166 4055 231 4114 eius
244 4055 277 4113 in
290 4056 414 4115 Graecia
430 4076 527 4136 nuper
543 4066 660 4139 reperta
674 4058 735 4116 sint
748 4060 841 4139 inque
854 4057 952 4115 Gallia
963 4074 1045 4115 anuo
1058 4052 1176 4132 vulgari
1191 4069 1264 4108 coe-

166 4165 231 4237 pta.
272 4175 293 4216 a
313 4156 392 4237 Lydi
412 4159 475 4219 vita
495 4160 603 4239 igitur,
630 4168 666 4218 ut
684 4160 889 4239 praepositum
906 4167 969 4234 est,
996 4153 1111 4231 ordiar,
1132 4156 1159 4214 si
1179 4153 1265 4233 prius

167 4268 270 4320 tamen
288 4260 413 4323 lautores
434 4280 557 4324 oravero
575 4271 609 4322 ut
627 4262 780 4343 patiantur
789 4279 850 4321 non
862 4261 961 4321 solum
973 4258 1202 4338 magistratuum
1215 4251 1265 4312 di·
