2742 4642
440 326 787 405 commentos
1108 358 1168 408 m

59 523 120 614 lp*
136 526 234 595 λίθον
252 523 311 611 pie
326 523 385 613 salt
404 525 545 615 Νιόβην,
565 527 609 616 pti
628 528 701 610 rode
715 525 827 612 dende,
848 527 992 600 eitteou
1007 532 1165 623 θεείσθην,

60 625 134 698 citt
154 635 220 697 vtis
237 633 402 715 πείθομαι,
430 630 474 709 alc
493 628 581 700 τοῦτ’
603 634 718 719 ὖηὲνπο
748 634 816 715 [hio
836 657 995 720 perperam
1018 639 1166 703 iterantur

59 735 173 813 naba,
192 734 248 799 sel
265 728 363 818 κη’θοα
380 733 500 818 πέσσει]
524 731 593 801 eitt’
603 735 667 804 duo*
679 743 741 803 saio
752 744 857 805 uenae
869 745 931 805 τοῖν
947 738 1165 823 συμπεσόντων

58 837 109 902 ul
128 842 189 903 τοῦ
208 834 382 920 σομβθντσς
397 835 524 917 πάθους
543 834 615 905 oridd
633 846 761 924 λαλῆσαι
779 840 932 924 δυναμένη
946 840 1022 926 πρδς
1040 839 1163 927 mona,

56 934 297 1024 προσηγορεύθη
320 936 374 1006 tri
396 936 432 1007 td
454 939 497 1026 μη
516 949 634 1023 φωνεῖν
652 946 750 1020 λίθος.
793 941 812 1010 d
833 942 868 1009 di
887 941 993 1022 Λυδός
1005 965 1102 1028 φησιν
1113 944 1163 1014 iss

54 1033 225 1124 'donum
237 1041 379 1127 burste
391 1038 505 1127 crissie,
520 1041 564 1127 μή
576 1042 715 1121 πεισθεὶς
736 1046 813 1126 [leg.
827 1047 1021 1128 πεισθείσης]
1042 1044 1097 1114 rdet
1114 1045 1163 1115 ol·

55 1168 114 1211 νον
133 1143 312 1228 θνὲκρησσν.
353 1144 377 1228 ἡ
391 1144 426 1211 dl
440 1140 596 1230 φεύγουσα
610 1145 716 1225 εὔξατο
729 1154 923 1233 mardaitas,
943 1149 997 1214 nol
1011 1144 1161 1233 iterator.

54 1253 152 1310 istum
170 1246 295 1331 laydnm
306 1247 433 1310 Vrlloiso
444 1250 653 1330 Prolegomen.
669 1249 709 1311 ed
722 1250 811 1311 Iliad.
824 1274 856 1334 p.
868 1272 945 1314 xurr
957 1261 1021 1314 not.
1036 1249 1087 1331 (1)
1101 1271 1162 1314 no·

55 1361 156 1411 mm
176 1361 281 1433 putat,
302 1352 497 1433 probabiliter
515 1372 598 1414 sune.
640 1355 668 1415 is
684 1357 767 1414 enim
782 1353 861 1437 Lydi
872 1357 974 1432 locus,
996 1355 1053 1414 etsi
1068 1351 1161 1413 hodie

56 1472 119 1514 nou
137 1463 277 1534 superet,
298 1465 400 1514 tamen
424 1456 458 1514 in
478 1456 556 1517 libro
570 1455 608 1517 de
622 1458 777 1518 bleusibus
792 1459 892 1537 potnit
907 1477 989 1534 esse,
1011 1475 1081 1517 cum
1099 1456 1159 1515 ali-

56 1554 226 1637 qoodpism
236 1556 348 1617 Niobes
361 1558 448 1637 cpoli
459 1559 638 1620 collocatum
650 1560 845 1620 simulacrum
856 1558 1081 1620 describeretur.
1123 1559 1159 1617 in

55 1655 177 1718 rabolis
196 1668 296 1719 autem
312 1660 530 1721 Villoisoniana
548 1663 598 1722 fac
617 1663 820 1722 recentissime
844 1661 963 1721 illatum
984 1680 1050 1722 esse
1068 1660 1158 1720 illum

55 1761 177 1821 locumr
198 1772 276 1823 orna
296 1770 343 1822 est
363 1773 434 1823 ante
451 1764 606 1827 saecolum
624 1765 682 1844 11,
702 1781 765 1849 quo
784 1763 874 1827 estis
893 1761 992 1827 codex
1005 1760 1069 1828 453
1085 1781 1159 1845 per-

54 1873 168 1924 mittt·
423 1912 426 1919 .
1161 1914 1163 1919 ⁴

139 1968 252 2027 Verum
265 1983 326 2046 quo
338 1972 475 2046 tempore
486 1967 521 2027 in
533 1964 641 2028 codini
651 1961 855 2051 Antiquitetes
864 1968 1011 2032 mserum
1022 1967 1062 2030 sit
1072 1961 1153 2049 nydt
1174 1967 1216 2038 14

55 2087 183 2142 nomen,
202 2066 237 2127 id
256 2065 382 2149 quidem
396 2071 493 2131 multo
504 2071 607 2131 minus
619 2081 719 2151 potest
729 2072 853 2134 firmari
895 2069 1044 2134 habemur
1062 2068 1158 2130 nimi·

55 2190 124 2230 rum
148 2167 225 2230 duos
246 2189 265 2229 a
286 2171 376 2230 variis
394 2173 476 2231 varie
495 2173 691 2254 interpolatos
718 2174 828 2252 libros,
857 2173 912 2255 qui
935 2169 1008 2232 hnic
1028 2170 1155 2248 codice,

53 2273 188 2332 incertae
208 2273 314 2331 astatis
331 2269 466 2351 honuni,
487 2276 674 2350 tribuuntur,
698 2276 828 2334 altermn
848 2271 887 2334 de
906 2272 1020 2336 Officiis
1038 2273 1154 2354 palatii,
1170 2290 1199 2347 p.
1215 2289 1288 2332 ssxr

52 2374 190 2433 οΙΐοτωιι
209 2367 248 2431 de
268 2372 435 2453 Originibus
452 2376 740 2457 antiquitatibnsque
755 2376 871 2457 cpolis.
911 2372 961 2436 his
976 2374 1010 2434 in
1022 2373 1156 2454 Origini·

51 2477 127 2550 bus,
151 2471 203 2533 ed.
216 2474 357 2535 hanoea
373 2477 470 2537 Puris.
483 2498 501 2536 e
512 2475 713 2558 typographio
723 2479 800 2558 lteg.
815 2475 914 2553 1655,
936 2476 993 2537 fol.
1011 2496 1045 2557 p·
1063 2478 1104 2540 19
1115 2478 1157 2553 Δ,

53 2599 84 2638 o.
95 2581 154 2652 36,
175 2579 361 2638 mentionem
379 2576 459 2660 Lydi
477 2577 544 2638 fieri
565 2580 655 2639 molti
675 2588 795 2661 putant.
836 2579 870 2639 in
886 2578 1057 2638 narratione
1072 2577 1155 2638 enlm

52 2681 91 2741 de
109 2691 209 2741 statne
228 2698 306 2761 qnae
319 2699 408 2740 ruens
421 2680 594 2742 Himerinm
608 2680 823 2743 chartulam
837 2680 1031 2762 oppresserit,
1053 2677 1155 2740 afferri

53 2786 174 2844 loconis
186 2782 313 2842 ahcuins
324 2779 500 2864 philosophi
513 2786 734 2864 auctoritatem,
756 2779 840 2866 quod
859 2783 887 2843 is
906 2783 1051 2861 scriptum
1065 2782 1154 2841 inre-

51 2888 147 2946 nisset
171 2886 287 2944 clarum
308 2883 461 2967 quendam
482 2882 640 2947 hominem
660 2887 716 2948 snb
735 2884 795 2947 hoo
815 2885 902 2964 signo
923 2883 996 2967 (vel
1018 2903 1074 2964 per
1094 2882 1153 2945 hoc

52 2985 194 3068 rignum)
219 2988 281 3046 vita
302 2986 490 3048 fmcturumr
520 2989 626 3049 iccirco
644 2998 750 3068 postea
769 2984 975 3068 Philippicnm
992 2985 1153 3047 caesum

51 3094 99 3174 (is
109 3092 313 3171 impanvits.
326 3091 392 3157 712
405 3088 513 3173 etsq.)
535 3092 657 3172 signmn
669 3087 706 3149 id
719 3087 828 3150 eodem
842 3088 1080 3149 looointerram
1092 3085 1151 3147 de-

51 3193 175 3255 fodisse.
217 3194 332 3253 Graece
360 3194 404 3253 sic
430 3204 494 3255 ests
520 3185 662 3275 Ἰωάννης
679 3189 715 3255 dl
731 3210 778 3267 τις
797 3183 968 3271 φιλόσοφός
985 3207 1082 3272 φησιν
1102 3183 1151 3255 'o'ss

52 3288 140 3379 adpre
162 3291 227 3360 tui
246 3289 357 3360 esdron
369 3300 426 3360 sori
439 3296 548 3372 tndloo
562 3294 689 3372 Ινθοξον
701 3285 1045 3377 ὅνδρατοθνηξόρινον.
1087 3284 1149 3373 dp’

53 3390 91 3462 od
105 3394 287 3473 ommam
300 3396 319 3463 d
331 3394 471 3480 βοσιλονς
486 3394 737 3481 πληροφορηθεὶς
757 3392 890 3460 beiltoor
901 3388 938 3458 sd
950 3389 1025 3461 edei
1038 3389 1150 3471 ζόθιον

51 3500 85 3564 ὃν
104 3495 190 3584 crisci
206 3502 251 3585 spi
273 3495 357 3585 τόπῳ
379 3505 621 3583 κατακαυθῆναι.
662 3517 720 3559 nec
733 3493 922 3573 mehercule,
944 3497 972 3558 si
985 3497 1029 3558 sio
1044 3498 1149 3558 locum

51 3606 298 3684 interpretamur,
320 3605 397 3663 sicut
407 3604 533 3665 fortasse
544 3621 722 3686 possumus,
742 3614 853 3681 nempe
867 3596 1017 3661 codiumn
1028 3595 1079 3658 hic
1092 3616 1147 3679 pro

52 3706 223 3766 testimonio
234 3706 370 3787 aliquem
377 3704 501 3767 landam
513 3703 593 3787 Lydi
606 3705 723 3780 locum,
744 3720 822 3779 non,
842 3702 983 3785 iuquam,
1006 3696 1147 3761 illudme

51 3818 168 3883 moret,
189 3805 273 3889 quod
288 3810 323 3868 in
342 3809 548 3890 superstitibus
567 3805 660 3870 hodie
680 3804 761 3889 Lydi
781 3804 900 3887 scriptis
925 3821 962 3864 es
981 3801 1146 3885 praedictio

51 3929 202 3992 nusquam
215 3911 338 3990 legitur.
379 3923 445 3972 erat
457 3911 582 3973 forsitan
592 3912 627 3970 in
639 3911 701 3970 illis
718 3908 852 3992 partibus
870 3905 942 3966 libri
960 3902 998 3965 de
1015 3902 1146 3965 ostentis

50 4020 127 4093 quae
148 4013 386 4091 interciderunt3
411 4024 476 4074 erat
496 4018 531 4073 in
552 4014 630 4074 libro
652 4011 691 4073 de
714 4011 887 4072 Mensibusr
907 4007 1146 4089 necquicquam

52 4117 184 4194 prefecto
202 4102 301 4195 magis
320 4119 460 4179 convenit
481 4119 516 4177 in
534 4115 675 4197 Lydum,
693 4115 868 4195 religiosum
881 4122 912 4172 et
925 4108 1102 4173 historicum
1114 4114 1145 4167 et

50 4220 82 4275 in
93 4221 204 4279 statuis
215 4218 419 4281 describendis
432 4222 588 4301 copiosum
600 4217 772 4294 hominem,
793 4234 887 4299 qnam
902 4208 1051 4276 eiusmodi
1065 4210 1145 4270 vati-
1161 4237 1191 4290 p.
1206 4232 1289 4273 sxxrr

51 4322 171 4384 cinatin
212 4320 270 4385 sed
291 4343 361 4385 eoce
383 4333 487 4385 auctor
510 4322 658 4387 recentior
679 4322 733 4383 illa
752 4329 783 4382 et
798 4317 960 4396 burburus,
980 4314 1067 4378 cuius
1080 4311 1145 4373 fra·
