2742 4642
160 339 272 388 xcrm
649 321 785 392 tussit

161 534 289 605 uterque
308 518 501 583 emendatum
523 532 642 585 textum
666 524 822 605 legerunt,
844 523 882 584 ab
905 522 1004 606 iisque
1024 520 1196 586 admonitus
1211 545 1275 587 non

161 628 257 686 semet
273 637 325 686 aut
341 629 449 686 vitium
464 625 588 708 aliquod
601 647 662 687 non
678 627 922 690 animadversam
936 629 1076 688 intellexi
1094 638 1146 688 sut
1160 631 1276 710 proba·

161 730 254 790 bilius
273 732 421 810 corrigere
436 741 560 790 mustus
573 750 651 792 sum.
695 750 775 813 quae
790 751 862 792 vero
878 752 968 812 opere
980 732 1043 790 iam
1056 730 1174 812 pridem
1189 735 1273 813 typis

161 853 274 893 excuso
292 832 480 893 emendanda
496 853 653 915 superesse
672 833 754 908 vidi,
775 854 973 896 ecunacum
988 832 1108 895 mendis
1118 844 1274 917 typogra-

159 934 257 1017 phicis
273 935 313 996 ad
328 947 499 996 extremum
513 938 651 1017 opusculi
664 935 807 997 indicavi.

243 1093 279 1150 In
306 1092 388 1151 vitiis
419 1101 522 1153 autem
546 1088 731 1172 corrigendis
760 1088 840 1151 hanc
865 1090 929 1150 fers
960 1092 1108 1152 rationem
1134 1092 1273 1151 serravit

12 1232 21 1249 .
35 1211 142 1250 nxxxsv
159 1193 402 1269 emendationes,
426 1192 464 1253 de
485 1195 594 1275 quibus
617 1192 748 1253 dubitari
760 1214 822 1255 nost
834 1202 953 1276 posset,
975 1194 1007 1253 iu
1023 1203 1143 1252 textum
1158 1194 1270 1274 recepi,

158 1299 264 1358 ceteris
282 1301 315 1358 in
335 1299 415 1357 uotis
436 1306 556 1356 tantum
579 1298 752 1378 propositis.
796 1299 829 1356 in
854 1293 964 1357 iisdem
988 1293 1163 1356 emendatas
1181 1316 1199 1355 a
1218 1317 1271 1356 use

160 1398 272 1461 codicis
298 1401 444 1459 lectiones
474 1401 593 1475 notavi,
622 1400 757 1479 exceptis
776 1419 851 1481 quas
870 1400 992 1457 nonnisi
1013 1400 1175 1479 scripturae
1193 1400 1269 1457 uitio

159 1504 297 1562 laborare
320 1504 484 1563 constabat.
527 1501 618 1563 huius
637 1505 756 1583 generis
775 1498 905 1561 mendae
923 1504 955 1560 iu
973 1498 1078 1561 codice
1091 1503 1269 1561 innumerae

160 1605 372 1681 occurrebant,
394 1606 479 1666 nulio
502 1608 616 1686 passim
636 1608 716 1665 inter
737 1603 874 1665 eiusdem
888 1606 954 1665 soni
967 1605 1086 1664 vocales
1101 1602 1271 1685 diphthon-

157 1727 274 1790 gosque
288 1706 460 1767 dIscritniue
476 1720 604 1768 servato.
649 1706 778 1768 eandem
794 1710 859 1768 sive
875 1710 1076 1789 ignorantiam
1089 1710 1154 1767 sire
1167 1709 1271 1788 uegh‘-

157 1814 293 1891 gentiam
312 1814 344 1870 in
361 1821 485 1870 accentu
501 1809 739 1871 animadvertere
756 1811 844 1887 licet,
873 1812 906 1869 in
925 1829 986 1893 quo
1004 1812 1180 1892 saepissime
1194 1831 1270 1892 pec-

157 1925 276 1990 catum,
298 1915 360 1974 imo
373 1915 477 1974 multis
491 1915 582 1992 locis,
605 1915 658 1974 ubi
671 1934 753 1973 nuuc
771 1910 976 1991 desideratur,
997 1917 1119 1975 omniuo
1136 1914 1270 1976 defuisse

155 2015 286 2077 videtur.
330 2016 369 2077 ad
390 2042 410 2081 ν
432 2012 647 2099 ἐφελκηστικόν
668 2037 739 2078 vero
760 2014 843 2099 quod
864 2018 985 2094 attinet,
1007 2019 1128 2078 tametsi
1146 2015 1269 2077 credere

156 2140 219 2179 non
247 2123 345 2182 ausim
371 2120 450 2183 hanc
472 2123 594 2182 literam
614 2141 677 2180 non
700 2121 761 2181 nisi
785 2139 890 2180 eorum
912 2121 967 2202 qui
986 2140 1062 2203 opus
1084 2120 1269 2202 descripsero

157 2223 247 2303 culpa
271 2235 341 2284 aute
368 2235 567 2285 consonantes
591 2244 653 2284 non
674 2224 776 2284 minus
796 2244 887 2306 saepe
904 2233 995 2305 atque
1012 2234 1082 2285 aute
1097 2226 1216 2284 vocales
1234 2226 1268 2283 in

155 2324 260 2386 codice
284 2328 424 2407 reperiri,
452 2328 549 2386 malui
570 2335 689 2402 tamen,
717 2327 846 2388 aliorum
868 2329 1011 2406 consilio,
1038 2331 1070 2387 iu
1090 2350 1122 2388 re
1144 2326 1269 2388 leuioris

155 2430 303 2487 momenti
319 2440 496 2488 consuetum
512 2426 662 2488 editorum
675 2449 794 2488 morem
806 2431 903 2510 sequi.
947 2439 1081 2491 ceterum
1095 2441 1216 2491 textum
1233 2430 1267 2490 in

155 2531 248 2591 libros
261 2542 291 2591 et
305 2533 402 2612 capita
414 2528 547 2591 divismn
559 2528 756 2613 paragraphis
770 2533 894 2613 insuper
909 2527 1047 2592 distinxi.

10 2738 17 2756 ‚
42 2715 139 2755 cxxxv
241 2688 326 2747 Notis
341 2681 383 2745 sd
394 2694 514 2745 textum
529 2682 755 2746 emendandam
767 2683 1087 2767 interpretandnmque
1100 2686 1268 2765 spectami-

157 2790 214 2849 bus
234 2790 325 2864 alias,
349 2790 458 2870 quibus
481 2809 529 2849 res
551 2790 788 2864 illustrarentur,
817 2786 929 2849 addere
950 2790 1183 2848 constitueram:
1210 2784 1268 2847 sod

156 2912 233 2953 mox
256 2890 457 2953 animadverti
477 2895 577 2953 maios
597 2911 616 2951 s
636 2911 687 2950 me
710 2910 803 2973 quam
821 2913 877 2973 pro
898 2894 960 2953 otio
980 2912 1050 2952 meo
1069 2910 1146 2971 opus
1158 2910 1268 2949 susce-

156 3007 263 3077 ptum:
284 2999 387 3079 itaque
410 3007 526 3057 mutato
549 2998 704 3077 proposito
723 2997 921 3077 paucissimas
937 2993 1029 3056 haias
1045 2995 1164 3074 generis
1177 3004 1267 3053 nasas

157 3102 297 3179 inspersi.
339 3109 497 3160 nouorum
510 3109 615 3159 tamen
629 3100 697 3159 iooa
713 3119 732 3159 s
746 3098 833 3182 Lydo
847 3096 971 3159 laudata
988 3097 1140 3181 quaesivi,
1161 3116 1266 3177 repes·

154 3213 246 3284 taque
262 3213 315 3261 aut
327 3204 406 3262 notis
421 3204 535 3265 inserui
551 3212 604 3263 aut
619 3212 699 3263 ceste
712 3198 854 3264 indicsri.
895 3213 1016 3283 praeter
1027 3198 1148 3261 laudata
1162 3208 1266 3258 autem

154 3307 223 3365 loce
245 3306 303 3364 alia
328 3324 448 3387 quoque
471 3326 535 3365 non
558 3304 662 3366 addito
685 3309 815 3367 auctoris
833 3307 956 3365 nomine
973 3314 1148 3378 occurrant,
1170 3303 1266 3363 veluti

153 3408 245 3468 verba
270 3402 343 3471 οὐδ’
364 3409 398 3473 is
420 3406 497 3495 step
519 3402 592 3473 οὐδ’
609 3408 643 3473 iv
660 3402 787 3497 aipstippi
812 3407 864 3491 (p.
887 3412 948 3473 211
976 3410 1052 3490 16),
1088 3426 1167 3489 quse
1194 3417 1267 3466 uma

153 3531 223 3591 pars
238 3512 351 3571 oraculi
366 3511 450 3594 quod
463 3511 551 3572 affert
568 3509 746 3574 scholiastes
763 3511 803 3573 ad
817 3511 974 3574 Theocriti
987 3510 1033 3571 ld.
1049 3511 1091 3577 24
1108 3530 1138 3571 v.
1153 3509 1213 3584 483
1235 3517 1266 3569 et

154 3615 247 3675 verba
263 3614 323 3678 idas
337 3608 544 3699 ὅέχρημᾶτων
562 3625 618 3675 etc.
648 3614 700 3697 (p.
716 3613 779 3680 246
798 3615 876 3697 17),
905 3635 983 3697 qaas
1008 3624 1091 3695 patet
1112 3634 1129 3672 e
1150 3615 1268 3671 Demo·

153 3714 270 3777 sthenis
290 3718 417 3801 Olynth.
438 3726 453 3784 1
479 3720 574 3800 petita
595 3738 677 3794 esse,
699 3719 753 3777 ubi
772 3719 883 3797 iegitur
906 3719 954 3782 δεῖ
971 3714 1011 3798 isi
1030 3710 1192 3801 χρημάτων
1207 3723 1267 3774 etc.

153 3838 231 3901 quae
248 3818 390 3883 duosam
405 3823 614 3884 animadversa
631 3819 683 3878 hic
696 3827 839 3879 annotare
854 3821 953 3897 iuvat,
974 3821 1098 3896 ceteris,
1119 3836 1199 3900 quae
1216 3837 1268 3876 re·

152 3927 251 4004 perire
272 3928 373 4005 potui,
398 3947 453 3987 suo
475 3928 542 3987 ioco
567 3923 718 3986 indicatis.
761 3932 807 3982 est
827 3923 951 3981 omnino
972 3920 1078 4004 Lydus
1097 3922 1213 3980 multus
1233 3920 1267 3977 in

148 4038 288 4087 veterum
304 4032 484 4110 scriptorum
497 4030 588 4103 locis,
613 4046 710 4109 quae,
732 4025 809 4085 olim
819 4025 907 4099 lecta,
930 4026 1096 4085 memoriae
1111 4024 1176 4081 eius
1190 4041 1267 4080 con-

10 4147 134 4190 .nmvs
149 4129 219 4188 fusa
238 4131 489 4208 obversabantur,
511 4127 702 4211 usurpandis.
745 4124 880 4186 indicem
899 4146 1019 4211 quoque
1039 4137 1197 4187 auctorum
1207 4142 1266 4204 pe-

151 4235 298 4294 culiarem
323 4235 436 4313 adieci;
476 4235 589 4318 qnippe
617 4241 649 4292 st
675 4226 807 4291 iudicem
831 4250 933 4290 rerum
954 4249 1086 4312 eumque
1109 4230 1266 4309 copiosum

151 4338 277 4398 confeci.
