2742 4642
464 313 807 387 commmunia
1119 332 1188 385 xxv

169 518 287 583 duobos
314 514 440 583 eruditis
465 518 539 582 viris
566 539 608 582 ex
633 517 743 582 eodem
763 513 818 580 sed
837 510 982 579 mendoso
1003 510 1106 578 codice
1130 513 1187 577 de·

93 788 99 795 ,
123 626 421 809 θἭοωρΙυὶ
442 723 546 806 eliqua
567 725 693 785 aPetro
714 722 875 783 bambecio
896 722 992 800 facto,
1014 741 1084 783 oum
1104 722 1182 782 circa
1205 716 1245 783 17

170 850 201 889 a.
221 831 304 894 1650
327 830 361 888 in
380 828 468 888 ltalia
488 836 669 903 moraretur,
697 828 789 902 item,
817 836 851 885 ut
870 826 994 905 opinor,
1023 845 1065 886 ex
1084 822 1186 885 codice

169 932 346 993 Barberino.
387 950 459 990 nam
479 939 558 989 certa
581 928 708 990 assiduis
725 927 805 1009 Lydi
816 924 1038 988 laudationibus
1051 929 1186 1009 locisque

170 1053 214 1095 ex
230 1035 286 1093 illo
302 1034 501 1113 tranmcriptis
512 1020 691 1092 Lambeciua
706 1028 979 1091 animadversiones
992 1032 1025 1089 in
1037 1029 1186 1090 codinum

168 1155 240 1197 suas
259 1135 377 1195 refersit
398 1136 494 1195 Paris.
515 1157 532 1195 e
550 1132 749 1216 typographia
770 1137 845 1212 Reg.
865 1132 965 1209 1665,
985 1133 1056 1209 fol„
1076 1133 1187 1214 p.152

167 1259 221 1300 uo.
237 1241 281 1304 26
300 1246 331 1297 et
350 1240 408 1313 27,
429 1258 462 1318 p·
483 1235 544 1302 168
566 1257 616 1298 no.
629 1242 671 1303 28
685 1247 715 1297 et
726 1239 783 1311 29,
804 1256 837 1316 p.
851 1232 913 1300 164
933 1254 984 1294 no.
996 1237 1055 1312 81,
1075 1232 1187 1315 p.156

168 1361 220 1402 no.
234 1341 295 1416 32,
318 1360 351 1421 p.
369 1341 430 1405 172
445 1358 497 1399 uo.
510 1341 566 1416 68,
587 1360 619 1421 p.
631 1343 695 1406 208
708 1356 760 1397 no.
776 1336 855 1412 1543
876 1335 958 1396 unde
972 1346 1054 1417 patet
1068 1356 1139 1396 eum
1152 1338 1187 1395 iu

169 1442 310 1504 menibus
332 1439 475 1503 habuisse
494 1439 626 1523 Lydum.
669 1451 788 1500 etcum
805 1440 838 1496 in
854 1441 980 1519 epistola
993 1436 1033 1498 ad
1046 1441 1186 1499 Francis-

170 1566 240 1605 cum
258 1544 459 1603 Berberinum
475 1540 684 1620 cardinalem,
709 1540 809 1605 eidem
823 1539 948 1602 editioni
961 1541 1113 1623 praefixa,
1134 1541 1186 1600 bi-

170 1644 352 1708 bliothecam
364 1647 464 1727 ipsam
475 1646 667 1707 meeriuam
682 1645 812 1705 celebret
827 1665 859 1725 p.
875 1664 931 1723 ιιι,
952 1666 1016 1725 quo
1026 1656 1099 1725 post
1119 1645 1185 1706 Vo-

169 1751 302 1809 ticorsom
324 1746 406 1808 ndat
422 1749 524 1807 Rom
539 1749 703 1830 perfectius
722 1746 909 1807 habrotoni
927 1749 1186 1828 mugnfioenlaim

166 1872 294 1936 seseque
309 1855 411 1935 ipsum
428 1875 461 1936 p.
475 1875 496 1917 v
514 1856 627 1914 llomee
642 1872 702 1931 per
719 1852 871 1931 integrm
889 1849 1043 1911 immam
1062 1853 1096 1911 ι’νν
1109 1851 1186 1911 aulo

172 1956 348 2018 deioalrs
365 1967 594 2018 conrnroranum
606 1954 680 2035 pluo
698 1956 732 2013 in
747 1953 814 2012 luce
828 1952 886 2011 olla
902 1964 931 2012 st
946 1957 1073 2035 amputo
1083 1956 1186 2014 cultro

168 2080 264 2140 qraom
283 2061 318 2119 ι’νν
339 2061 403 2121 ullo
425 2061 597 2121 academice
611 2077 727 2116 recessu
746 2066 775 2115 et
793 2054 902 2114 umbro
910 2057 1075 2136 profecisse
1091 2068 1186 2119 teste-

165 2171 235 2239 tur,
253 2181 353 2222 nonna
372 2161 537 2224 admodum
557 2159 699 2221 credibile
713 2157 747 2218 tit
761 2155 877 2216 ibidem
889 2176 960 2217 eam
974 2160 1008 2217 in
1021 2159 1185 2219 Berberina

166 2262 351 2323 bibliotheca
366 2267 454 2325 illum
470 2262 551 2346 Lydi
567 2261 702 2324 codicem
716 2256 901 2319 offendissei
921 2261 1098 2338 praesertim
1112 2281 1183 2322 cum
1198 2276 1228 2334 p·
1244 2275 1332 2317 mix

171 2362 255 2422 haud
266 2367 356 2425 sciam
366 2386 406 2427 an
418 2385 547 2449 usquam
559 2363 632 2422 alibi
642 2360 733 2421 huius
745 2361 894 2440 epitomae
904 2359 1060 2441 Lydianaa
1076 2383 1185 2425 exem·

169 2466 252 2545 plor,
275 2466 354 2527 undo
373 2488 463 2531 suum
478 2478 626 2543 sumeret,
647 2466 822 2525 invenisset.
865 2464 978 2523 etenim
994 2463 1077 2546 quod
1093 2466 1185 2529 tradit

169 2571 217 2627 vir
229 2547 364 2630 summm
377 2572 517 2632 Nicolaus
531 2568 643 2633 Schoar
656 2570 690 2627 iu
703 2566 867 2645 specimine
880 2568 979 2646 operis
994 2569 1063 2653 mol
1077 2574 1185 2652 μηνῶν

166 2669 363 2750 (Brochthoi
375 2672 437 2751 ⁸der
458 2673 541 2733 altera
559 2674 716 2732 fimatur
733 2669 801 2729 und
809 2670 924 2741 Koma,
945 2668 1185 2753 hocmgegsbm

166 2793 229 2832 von
255 2774 449 2855 ΤΟηοΙινινν
471 2776 538 2836 und
560 2775 780 2835 AHLHmen
787 2814 800 2843 ,
830 2771 933 2832 fascic.
952 2778 973 2838 7
980 2816 991 2850 ,
1023 2775 1184 2856 Gottingae

166 2876 259 2952 1790,
273 2879 311 2954 8,
334 2879 413 2939 inter
425 2878 545 2939 Inedita
557 2898 589 2958 p.
601 2874 662 2956 22)
684 2884 716 2934 at
727 2894 768 2934 ex
777 2876 831 2939 illc
842 2876 998 2935 Harlesius
1018 2876 1183 2956 (Biblioth.

169 2977 276 3038 Graec.
292 2979 389 3046 vobi
407 3001 439 3062 p.
456 2983 518 3048 167
532 2982 587 3041 lin.
600 2976 660 3058 7),
683 2997 724 3037 ex
740 2999 788 3039 ms
809 2979 904 3057 Regio
924 2980 1087 3041 Perisieosi
1099 2983 1184 3041 inse·

169 3081 266 3143 ruisse
277 3083 474 3143 Lambecium
485 3085 519 3142 in
529 3077 813 3143 Animadversioues
825 3079 865 3141 ed
877 3078 1026 3141 (lodicum
1037 3082 1105 3142 loca
1118 3085 1183 3160 illa,

169 3185 223 3265 qai
241 3187 340 3264 potuit
357 3205 387 3246 a.
408 3182 512 3253 16681
543 3180 624 3267 quod
645 3201 681 3243 oo
702 3192 836 3264 tempore
856 3184 959 3244 nullus
977 3187 1099 3246 omnino
1119 3197 1185 3247 eret

167 3288 282 3367 Regius
300 3286 415 3366 codex,
436 3290 489 3371 qui
500 3289 664 3348 contineret
678 3282 755 3345 haec
771 3286 959 3366 fragmenta:
979 3306 1052 3347 uam
1064 3291 1185 3368 Bigoti·

167 3408 226 3451 uua
248 3409 300 3451 no.
318 3390 403 3457 8084
424 3408 516 3472 quem
536 3387 618 3465 dixi,
644 3388 747 3449 illatus
766 3389 799 3448 in
821 3387 1034 3451 bibliothecam
1056 3392 1185 3471 Regiam

169 3511 198 3552 a.
214 3496 295 3558 1706
311 3504 375 3571 est,
397 3512 458 3552 una
479 3511 548 3553 oum
566 3492 634 3551 eliis
653 3491 805 3552 codicibus
827 3494 957 3573 emplius
970 3490 1034 3558 450
1048 3493 1184 3554 eiusdem

168 3596 293 3675 origitris
313 3595 367 3677 (v.
384 3596 530 3654 Mdmoira
542 3594 705 3675 doctorique
714 3617 767 3655 sur
781 3595 814 3654 lo
829 3594 1041 3675 Bibluthiqae
1052 3597 1096 3656 du
1108 3598 1184 3670 Boi,

167 3698 203 3756 in
227 3698 394 3779 (hlologue
405 3698 458 3758 des
469 3699 558 3759 lictae
570 3699 723 3777 imputata
735 3698 773 3757 de
787 3698 820 3756 lo
831 3696 1042 3778 Biblumiqua
1052 3699 1097 3759 du
1107 3701 1181 3758 Ros‘.

168 3799 321 3858 Premiira
332 3802 444 3880 pmcne.
488 3800 524 3859 A
540 3799 652 3873 Pana,
681 3802 719 3861 de
737 3801 940 3879 l’r'mprimerie
954 3800 1083 3883 Royola.
1127 3801 1183 3861 fol.

167 3922 201 3981 p.
214 3902 296 3983 xor)
316 3904 421 3964 multis
440 3905 526 3964 annis
539 3914 608 3983 post
619 3901 735 3962 editum
748 3903 907 3964 colinum.

120 4003 169 4085 5)
191 4007 225 4063 in
245 4007 414 4086 exemplari
436 4004 518 4086 quod
534 4025 575 4066 ex
587 4005 721 4087 literario
735 4008 932 4067 instrumento
947 4005 1052 4069 Allatii
1067 4000 1182 4066 descri-

167 4120 269 4188 pserat
290 4109 329 4169 cl.
351 4108 444 4168 abbas
463 4110 624 4185 Marinius,
650 4110 789 4193 interque
811 4108 938 4170 schedas
957 4127 1027 4170 suas
1051 4127 1080 4169 e.
1102 4110 1186 4175 1789

167 4212 319 4272 mabit.
361 4212 490 4273 aduam
497 4214 633 4303 prunum
646 4213 692 4271 ad
703 4212 786 4271 himo
797 4212 934 4292 quaam,
956 4212 998 4270 ait
1015 4212 1061 4272 vir
1076 4212 1115 4271 cl.
1129 4212 1185 4270 Ni-

169 4314 273 4376 coleus
291 4312 403 4378 sohov
423 4316 511 4398 (loco
528 4318 579 4376 cit.
597 4315 771 4376 Bibliotdek
788 4316 841 4373 der
857 4314 939 4375 olim
955 4314 1111 4373 Μιναίαν
1126 4320 1184 4370 etc.
