2742 4642
450 289 507 355 DE
530 283 738 360 MENSIBUS
761 289 821 361 1v.
1125 287 1174 364 89

79 466 149 538 κῶς
173 454 258 541 uitia,
281 464 354 527 ναόν
379 458 435 544 μέν
462 458 536 529 εἶναι
558 461 612 529 τόν
632 461 697 530 Δία
702 512 713 545 ,
748 449 868 531 Μαῖαν
883 462 917 530 δέ
942 462 998 548 τὴν
1018 457 1175 550 φρόνησιν,

79 565 184 630 παῖδα
200 565 234 629 δέ
250 564 283 642 l}
297 563 412 650 ἀμφοῖν
420 561 536 653 Ἑρμῆν
552 564 651 652 λόγιον
663 564 869 651 αἰνιττόμενοι.
919 565 1039 633 πάντων
1053 568 1086 632 δέ
1100 565 1177 633 νεά-

51 715 66 740 .
80 691 182 733 φατον
204 664 380 756 είργάσαντο
407 665 459 735 άτε
483 669 521 754 δὴ
541 669 585 754 μὴ
605 668 809 757 γηράσκοντας
829 676 886 736 τοῦ
903 667 1004 756 λόγον.
1054 669 1096 736 ἔτι
1114 671 1177 754 μὴν

82 767 245 836 ὠκύτατον
265 772 439 854 πεποίηνται
461 780 568 839 ταῦταν
585 771 794 860 ταρσάσαντες
814 782 949 858 πτεροῖς,
972 779 1026 838 νοῦ
1046 771 1176 858 ὀξύτητα

51 875 140 943 exat
162 872 256 958 τάχος
279 870 370 959 λόγου
394 876 458 942 ma.
468 884 523 959 τῆς
545 879 666 943 τοιᾶσδε
688 877 793 960 τέχνης
812 875 1026 959 αίνιττόμεναι·
1062 874 1078 941 ὃ
1103 884 1176 962 γοῦν

81 975 216 1060 ποιητής
237 1000 329 1064 φησιν
349 973 444 1042 “ineo
463 975 656 1066 πτερόεντα.”
709 976 772 1044 εἶτα
791 980 825 1045 di
841 977 1026 1067 τετράγωνον
1041 977 1177 1062 σχήματι

74 1080 225 1163 Ἓλληνες
247 1076 469 1146 ἀναπλάττουσι
488 1089 596 1147 τοῦτον
602 1129 614 1162 ,
636 1079 798 1169 τεκμήριον
817 1084 956 1168 μέγιστον
978 1080 1177 1168 παρεχόμενοι

82 1180 180 1269 λόγον
201 1179 276 1248 είναι
298 1189 422 1263 τοῦτον,
446 1186 497 1250 καὶ
518 1182 607 1271 λόγον
627 1183 749 1269 ἀληθῆ·
774 1183 838 1252 ἴστε
851 1185 910 1272 γάρ
926 1188 977 1250 καὶ
994 1183 1084 1271 λόγου
1100 1181 1177 1269 σχή-

82 1311 189 1369 ματα,
215 1282 232 1350 ὃ
249 1286 305 1369 μέν
320 1287 438 1371 ψευδὴς
451 1284 556 1374 λόγος,
581 1284 598 1352 ὅ
615 1289 648 1353 δὲ
660 1288 815 1372 ἀπατηλὸς
827 1285 1086 1375 παλαγωνότερας,
1111 1285 1177 1354 ὁδί

40 1403 77 1478 λθ
86 1389 212 1473 ἀληθὴς
234 1389 325 1466 αάτὸς
344 1387 443 1478 ἑαυτῷ
465 1392 498 1456 ir
518 1389 639 1457 πάντων
656 1398 758 1480 μερῶν
770 1391 851 1472 ἴσας,
875 1391 950 1456 ὅπου
971 1393 1004 1456 δέ
1017 1392 1176 1479 στρέφοιτο

84 1489 202 1569 πάσαις
219 1489 345 1575 βάσεσιν
364 1492 513 1579 ἀορίστως
528 1496 713 1581 στηρίζεται,
738 1492 756 1559 ὃ
779 1494 818 1578 όν)
840 1494 1055 1582 τετραγωνικὸν
1073 1499 1177 1577 σχῆμα

85 1593 236 1680 λαγχάνει.
286 1599 313 1661 εί
331 1597 431 1662 τοίνυν
452 1604 523 1674 ναῦς
544 1600 595 1661 καί
618 1594 706 1682 λόγος
726 1593 800 1663 εἶναι
824 1597 986 1675 δέδεικται,
1011 1595 1108 1685 τούτῳ
1124 1596 1177 1662 τόν

86 1698 230 1785 κέρκωπα
252 1685 496 1765 είάαιλοπαιοῦσιν
518 1695 701 1785 Αίγόπτιαι,
736 1700 797 1766 luet
819 1700 904 1786 παρὰ
927 1698 1026 1765 πάντα
1050 1699 1089 1765 τά
1112 1702 1176 1788 ζῷα

73 1798 211 1884 ’νοήματι
223 1799 360 1887 τυγχάνει
368 1851 378 1880 ,
396 1803 542 1880 συνέσεως
554 1803 588 1867 δὲ
602 1805 653 1867 καὶ
666 1801 831 1886 έπιστήμης
841 1804 904 1870 lori
918 1801 1058 1880 όεκτικός.
1097 1801 1175 1867 ἀλλά

42 1919 77 1973 15
85 1903 151 1987 μὴν
174 1907 226 1970 καὶ
246 1905 303 1989 τὴν
321 1907 494 2000 Αἰγυπτίαν
513 1903 574 1988 ἶβιν
598 1905 633 1970 τό
650 1903 755 1993 ἀρνεαν
768 1906 853 1988 ἀσμεν
868 1905 1061 1989 ἀνακειμένην
1074 1905 1175 1994 adep·
1192 1924 1220 1978 P·
1236 1906 1289 1962 1⁰3

86 2009 199 2099 καράίφ
217 2007 276 2096 γάρ
292 2006 367 2074 ibaar
382 2006 609 2093 λεακαινόμεναν
627 2009 682 2092 μέν
699 2008 735 2074 τό
756 2016 846 2091 σῶμα
852 2057 863 2089 ,
884 2011 916 2087 έξ
935 2008 1050 2095 ἀμφοῖν
1067 2010 1101 2073 δέ
1115 2017 1177 2074 τῶν

84 2117 189 2196 μερῶν
208 2112 422 2194 μελαινομένη,
443 2109 516 2199 ὅπερ
540 2112 603 2178 ἐστὶ
625 2116 682 2176 rosi
700 2111 779 2176 κατά
795 2108 931 2177 διάνοιαν
948 2108 1038 2196 λόγον
1054 2119 1177 2194 σχῆμα·

86 2216 159 2300 πρὶν
173 2214 229 2295 μέν
243 2214 302 2299 γάρ
318 2220 463 2299 λεχθῆναι
476 2211 611 2293 σκότιος,
635 2210 794 2298 λεγόμενος
807 2215 842 2279 ol
856 2216 1029 2301 φωτίζεται,
1054 2217 1105 2279 καλ
1120 2213 1178 2301 ῥη-

87 2319 156 2394 θείς
177 2319 224 2402 εἰς
239 2317 354 2404 ἀφανές
374 2318 497 2401 οίχεται.
546 2317 688 2404 τρέφεται
708 2317 742 2382 δέ
762 2316 797 2382 τό
816 2319 892 2404 ζῷον
903 2316 987 2404 παρὰ
999 2316 1177 2398 ταῖςῧόασι,

46 2417 231 2507 λθκσθάπτρ
247 2422 278 2485 έν
292 2417 365 2504 ἡμῖν
377 2418 397 2505 ἦ
411 2421 523 2507 καρόία
534 2420 568 2497 έξ
579 2416 675 2508 ὗγράς
689 2418 794 2498 αάσίας
807 2419 863 2503 τὴν
878 2416 1005 2504 ἀάναμιν
1017 2417 1179 2502 λαμβάνει.

90 2519 168 2606 μόνη
192 2524 226 2589 dt
247 2530 366 2607 πτηνῶν
384 2522 505 2589 πάντων
519 2532 579 2588 νεῖν
593 2519 613 2607 ἦ
629 2517 690 2606 ἶβις
704 2523 760 2589 αάκ
774 2524 947 2603 έπίσταται,
969 2519 1177 2610 ἀόρανεστάτη

91 2626 124 2690 δὲ
144 2628 187 2703 είς
208 2611 308 2709 μεῖζον
327 2623 430 2710 βάθος
448 2626 666 2711 καθελκαμένη.
716 2625 798 2694 τόδ’
815 2625 889 2693 atiud
904 2628 954 2691 καλ
970 2626 1017 2691 tut
1030 2632 1085 2712 τῆς
1098 2652 1176 2716 καρ·

157 2764 281 2836 διάγων
295 2768 329 2823 Ρ.
399 2772 445 2827 ’11
465 2764 601 2841 ἀορίστως
612 2768 727 2826 Hosius:
744 2770 815 2842 apud
831 2770 852 2824 fl
870 2765 1012 2840 ἀορίστου.
1093 2771 1128 2826 14
1143 2765 1175 2824 dl

158 2855 199 2892 om
212 2839 251 2892 Vr
266 2838 418 2899 Haesimus.

90 2958 186 3024 filinm3
207 2958 336 3014 rationem
360 2975 420 3014 esse
440 2959 545 3028 Iovem,
567 2958 664 3014 Maiam
686 2963 798 3013 mentem
815 2977 839 3013 s.
857 2956 1070 3027 intelligentiam,
1094 2956 1176 3012 filimu

92 3037 175 3081 autem
207 3046 240 3081 ex
272 3037 384 3100 atroque
411 3029 569 3084 Mercurium
596 3030 734 3082 facundum
762 3044 811 3098 per
837 3030 959 3096 ambages
986 3026 1175 3094 significantes.

93 3097 201 3150 omnium
213 3105 298 3151 autem
317 3107 377 3151 natu
393 3098 522 3151 minimum
537 3100 682 3165 linxerunt,
699 3098 797 3167 quippe
811 3113 868 3149 cum
882 3114 932 3149 non
946 3103 1067 3149 senescat
1081 3095 1176 3149 oratio.

93 3175 227 3236 praeterea
244 3165 404 3220 celerrimum
421 3168 540 3221 iecerunt
559 3184 616 3220 eum
633 3168 786 3226 instructum
802 3164 866 3232 alis,
889 3165 998 3234 rationlp
1016 3164 1176 3218 celeritatem

94 3245 122 3288 et
137 3235 300 3291 velocitatem
316 3237 442 3289 orationis
458 3253 508 3319 per
525 3236 651 3290 eiusmodi
668 3244 750 3288 artem
769 3234 956 3303 significantes.
991 3233 1080 3305 itaque
1098 3235 1178 3303 posita

27 3323 36 3344 ι
94 3304 158 3357 dicit
170 3299 274 3358 “verba
289 3299 389 3358 alata.''
424 3307 519 3359 demde
533 3307 686 3375 quadratum
702 3306 785 3357 forma
798 3303 894 3356 Graeci
908 3304 976 3356 bunc
988 3304 1104 3371 lingunt,
1120 3320 1175 3355 ms-

94 3373 184 3426 rimam
195 3383 374 3442 argumentum
388 3377 545 3443 praebentes
558 3375 702 3427 orationem
717 3389 776 3430 ease
789 3389 862 3439 eum,
880 3381 907 3424 et
921 3372 1064 3426 orationem
1079 3389 1177 3425 seram.

95 3451 154 3494 sunt
168 3442 235 3495 onim
252 3451 280 3495 et
296 3443 422 3497 orationis
438 3443 556 3512 species,
576 3450 604 3496 et
614 3445 725 3495 mendax
742 3442 826 3495 oratio
841 3449 869 3495 et
884 3440 1063 3510 lallaxplures
1078 3441 1178 3494 babens

31 3523 33 3540 ¹
96 3511 212 3578 angulos3
236 3520 401 3565 versantem
418 3512 545 3583 sibiipsa
563 3530 596 3564 ex
613 3512 731 3564 omnibus
749 3509 866 3580 partibus
884 3527 947 3580 par,
967 3510 1114 3578 ubicunqne
1129 3527 1176 3562 an-

96 3587 145 3632 tem
164 3587 297 3648 versatur,
324 3581 443 3635 omnibus
462 3583 571 3635 basibus
587 3581 690 3634 infinite
707 3580 854 3646 stabilitur,
879 3597 947 3648 quse
969 3579 1094 3632 uidelicet
1111 3595 1177 3648 qua-

97 3649 167 3701 drata
180 3649 265 3718 ligura
282 3657 333 3702 est,
368 3650 462 3719 quodsi
479 3650 606 3703 rationem
624 3657 652 3702 et
668 3650 812 3702 orationem
829 3665 887 3701 eum
900 3664 959 3702 esse
974 3649 1178 3701 demonstratum

98 3727 144 3784 est,
159 3717 217 3772 buio
233 3735 370 3789 careopem
383 3718 544 3772 simulacrum
563 3719 683 3786 (idolum)
701 3718 801 3771 iaciunt
818 3716 952 3786 Aegyptii,
969 3716 1178 3786 quandoquidem

98 3796 196 3855 praeter
210 3788 296 3840 omnia
313 3788 433 3841 animalia
449 3789 564 3858 prudens
582 3799 623 3842 est
639 3797 666 3841 et
679 3786 801 3857 peritiam
816 3797 949 3855 artemque
971 3783 1094 3838 admittit
1128 3800 1176 3835 ve-

98 3871 148 3907 rum
165 3864 191 3908 st
205 3857 362 3927 Aegyptiam
376 3858 455 3925 ibim,
473 3874 563 3925 avem,
580 3858 675 3910 scimus
692 3855 729 3908 illi
743 3873 802 3909 esse
816 3863 1005 3907 consecratam:
1023 3852 1097 3905 cordi
1109 3852 1178 3905 enim

99 3923 175 3977 simile
196 3935 237 3979 est
259 3944 354 3995 eorpus
379 3926 436 3979 eius
459 3926 559 3992 album,
586 3944 619 3979 ex
641 3935 751 3994 utraque
773 3932 859 3977 autem
875 3933 950 3993 parte
967 3922 1086 3990 nigrum,
1109 3938 1178 3990 quae

98 3992 193 4061 quidem
209 4002 252 4047 est
267 3995 410 4063 orationis,
434 3993 473 4047 uti
491 3994 636 4063 cogitatur,
660 3995 760 4062 ligura:
784 4002 921 4061 antequam
937 3992 1005 4044 enim
1018 3989 1177 4059 proferatur,

100 4063 201 4115 obscura
220 4071 277 4132 est,
304 4081 362 4118 onus
382 4073 468 4117 antem
490 4064 641 4133 profertur,
665 4062 845 4128 collustretur,
870 4070 898 4112 et
913 4060 1015 4130 prolata
1031 4059 1176 4113 evanescit.

100 4130 161 4186 vivit
181 4139 266 4186 autem
287 4131 381 4186 animal
407 4132 470 4186 illud
493 4149 576 4215 prope
596 4149 694 4202 aquas,
718 4130 930 4199 quemadmodum
945 4128 973 4180 in
988 4127 1063 4180 nobis
1080 4144 1127 4180 cor
1143 4145 1177 4181 ex

102 4198 195 4253 buntida
209 4202 324 4255 muntia
338 4202 392 4254 vim
403 4219 476 4255 suam
490 4204 602 4272 recapit:
620 4200 676 4253 sola
690 4209 776 4252 autem
793 4198 880 4251 avium
897 4198 1008 4250 omnium
1021 4205 1112 4250 natare
1126 4195 1177 4248 ibis

101 4268 187 4338 nestit,
215 4280 244 4325 st
268 4270 436 4346 imbecilliter!
453 4287 574 4341 quaeque
594 4270 623 4324 in
645 4268 769 4323 maiorem
791 4267 996 4337 profunditatem
1022 4265 1179 4321 detrahitur.
1233 4259 1240 4280 ¹

951 4551 1128 4566 .,-Ι-ἠ-ι-·---
