2742 4642
428 354 777 427 COMMENTARIUS.
1044 382 1161 431 xxsvrr

50 566 165 617 memet
194 554 299 636 ipsum
328 551 380 614 laic
410 558 576 618 consistere
605 558 718 639 patitur
747 560 941 639 praelationis
971 562 1160 623 institutum:

50 679 142 742 quara
162 659 190 719 sl
214 676 276 739 qua
297 667 370 718 sunt
390 670 546 739 practerea
570 663 680 743 quibus
701 660 793 721 editio
807 659 987 722 Schowiaua
1006 664 1160 724 emendari

50 763 162 844 possit,
193 761 369 841 eleutrum,
401 768 438 823 aa
454 763 641 826 commodius
655 767 688 825 in
702 766 782 825 notis
798 763 837 824 ad
848 766 960 826 librum
974 765 1012 826 de
1028 770 1159 828 Ostentis

51 874 245 945 exponentur
253 858 295 944 ⁴).

134 965 201 1027 Sed
215 967 321 1027 illuxit
330 963 454 1026 taudem
468 967 631 1052 aliqnando
641 969 749 1030 hetior
763 966 850 1050 Lydo
863 967 928 1030 dies
939 990 968 1030 a.
980 969 1071 1047 1784,
1088 991 1158 1030 cum
1177 967 1220 1028 28

51 1071 140 1151 cpoli
156 1079 261 1149 ageret
273 1068 521 1132 Christianlssimi
542 1074 622 1152 regis
645 1071 685 1131 ad
701 1082 820 1153 portam
834 1069 1036 1133 0thomanam
1054 1075 1160 1153 splen-

52 1172 143 1234 didus
156 1175 293 1255 legatus,
316 1173 440 1233 Gabriel
455 1176 609 1255 Augustus
627 1172 665 1235 de
682 1158 999 1252 ChouenlssGouffier,
1020 1175 1160 1255 publica·

51 1297 119 1336 rum
134 1297 239 1336 rerum
254 1276 380 1337 scientia
395 1296 456 1337 non
475 1281 577 1338 minus
593 1298 686 1360 quam
703 1279 800 1362 gloria
819 1280 968 1338 maiorum
985 1278 1100 1354 clarus,
1131 1288 1162 1337 et

51 1380 83 1438 in
99 1390 263 1462 utramque
279 1377 467 1438 academiam
483 1382 539 1439 illo
551 1383 615 1440 ism
627 1392 764 1461 tempore
781 1391 945 1461 cooptatus,
967 1400 1037 1440 cum
1048 1384 1079 1440 iu
1091 1401 1160 1440 eam

52 1502 133 1562 quse
146 1481 380 1561 luseriptionum
391 1483 562 1561 venabatur,
579 1482 789 1544 eruditissimis
803 1485 1042 1565 acutissimisque
1056 1481 1160 1543 homi-

51 1584 145 1642 nibus
169 1584 303 1643 maxims
327 1594 400 1644 tuuc
419 1587 589 1663 florentem,
624 1588 735 1646 tamin
754 1588 897 1663 alteram,
925 1588 1009 1645 onius
1026 1586 1159 1665 glorioso

51 1685 161 1745 labore
181 1696 212 1745 et
227 1689 412 1747 Francorum
431 1689 536 1749 literae
555 1690 768 1750 immortaliter
785 1689 951 1748 illustratae
967 1700 1038 1747 suut
1057 1700 1088 1747 et
1109 1689 1159 1747 in-

50 1799 192 1868 corrupta
209 1799 255 1848 est
270 1793 418 1851 sennonis
434 1792 530 1851 nostri
544 1792 701 1872 integritas
717 1803 889 1854 constanter
905 1802 1088 1850 conservata.
1132 1793 1158 1850 is

51 1890 260 1952 nobilissimos
271 1893 333 1968 vir,
366 1878 539 1954 lrlierelinm
557 1897 667 1954 mtinm
682 1896 843 1977 omnisque
857 1891 1054 1953 humanitatis
1067 1892 1159 1952 lande

51 1992 299 2070 commendatus,
329 2012 398 2053 oum
415 1996 447 2054 iu
467 1998 564 2076 primo
578 2000 743 2058 inventutis
757 1999 831 2059 flore
845 2007 876 2056 et
886 1998 1092 2055 maximarum
1109 2017 1159 2055 re·

51 2116 121 2154 rum
136 2116 226 2155 cursu
239 2106 327 2171 esset,
348 2098 410 2155 ianr
425 2108 498 2156 tuuc
509 2118 580 2179 prae
595 2098 747 2159 doctrinae
762 2098 862 2159 studio
877 2096 1001 2157 delicias
1014 2117 1160 2178 asperna-

51 2209 100 2259 tus
114 2200 276 2260 Graeciam
290 2201 417 2259 lustrare
430 2210 591 2276 statuerat,
622 2214 653 2261 ct
668 2205 861 2283 antiquorum
880 2197 1040 2259 hominum
1053 2220 1159 2259 merres

50 2320 86 2359 sc
100 2301 224 2381 species
237 2304 432 2382 interrogare,
459 2323 516 2383 per
529 2314 574 2363 tot
589 2304 725 2379 urbium,
753 2301 1002 2384 Athenarumqne
1014 2303 1158 2384 ipsarum,

50 2424 145 2462 caeca
161 2405 287 2484 vestigia
301 2406 414 2484 passim
429 2415 572 2465 errantes.
616 2425 676 2488 qua
691 2408 724 2463 in
736 2406 976 2486 peregrinatione
994 2425 1086 2488 quam
1104 2426 1159 2464 cu·
1176 2422 1204 2475 p·
1222 2419 1282 2456 uxu

50 2510 170 2566 riosam
183 2526 251 2566 sese
265 2505 437 2568 exhibuerit
451 2508 649 2589 politissimus
666 2509 822 2568 vetustatis
836 2505 1060 2587 indagatorem,
1089 2509 1159 2566 lite-

52 2618 136 2668 ratus
154 2605 246 2668 ltomo
262 2612 295 2668 in
311 2613 432 2691 Europa
445 2630 536 2670 nemo
559 2621 605 2669 est
627 2612 680 2692 qui
702 2610 827 2675 nesciat.
869 2611 1066 2692 quamobrem
1081 2609 1158 2668 milri

53 2708 181 2792 qstidem
198 2707 309 2791 dignus
329 2714 463 2793 prolecto
482 2711 602 2773 videtur
621 2714 716 2772 fonsa
731 2713 783 2793 qui
798 2732 860 2771 non
872 2711 995 2794 Lydum
1010 2723 1157 2789 uostmm,

53 2812 109 2874 sed
123 2815 293 2895 principem
307 2817 441 2897 aliquem
460 2835 501 2875 ex
515 2816 637 2875 Graecis
657 2814 869 2895 scriptoribus,
902 2818 1036 2875 maxime
1056 2827 1158 2875 autem

54 2920 195 2998 apellis,
218 2920 271 3000 qni
287 2921 450 2999 perierunt,
473 2918 511 2976 ab
526 2919 631 2977 inferis
647 2919 809 2993 excitaret,
832 2916 1033 2977 Menandrum
1048 2918 1159 2977 videli-

54 3030 101 3078 cet
115 3029 148 3079 et
162 3018 371 3102 Sophronam,
401 3023 451 3081 val
464 3018 648 3101 Sophoclem
660 3032 711 3079 unt
727 3018 893 3079 Pindarum
907 3040 947 3079 ex
962 3019 1011 3080 liis
1030 3041 1159 3101 quorum

54 3123 166 3204 scripta
189 3143 252 3182 non
270 3144 377 3205 parum
397 3125 484 3204 plura
507 3127 615 3184 amissa
642 3142 734 3204 (luam
756 3133 968 3183 retentarunt.
1010 3121 1050 3182 ad
1066 3143 1157 3204 quem

54 3227 137 3285 euim
154 3227 257 3304 potius
271 3225 421 3286 eiusmodi
436 3229 640 3287 inventionem
656 3228 805 3305 pertinere
821 3223 973 3300 dicamus,
1006 3246 1097 3306 quant
1118 3226 1157 3283 od

53 3349 124 3387 enm
145 3330 202 3410 qui
220 3350 282 3388 non
302 3332 412 3388 minori
430 3328 551 3389 diceudi
566 3330 690 3387 artificio
710 3347 802 3409 quam
820 3326 1021 3406 cogitoscendi
1040 3331 1157 3408 peritia,

54 3450 257 3512 quaecuuque
280 3434 339 3492 sibi
354 3434 511 3492 Graeciam
532 3433 705 3513 peragranti
725 3440 931 3504 occurrerant,
962 3442 1026 3488 tam
1049 3429 1157 3488 vividis

53 3534 208 3593 coloribus
222 3539 381 3616 expressit,
406 3547 439 3595 nt
451 3556 555 3595 ornnes
569 3535 771 3612 intelligerent
786 3530 863 3590 uitat
876 3554 942 3591 esse
956 3554 1016 3591 nou
1029 3534 1156 3593 oratoria

53 3646 176 3696 tautum
198 3639 263 3697 cius
281 3637 336 3698 sed
358 3641 475 3720 politica
501 3642 594 3696 etiam
619 3639 762 3698 laotutate
790 3638 1000 3716 praestantius.
1053 3655 1158 3694 verum

122 3959 151 4026 ’)
168 3957 211 4011 De
224 3958 362 4013 iliensibus
378 3940 504 4029 excerpta
521 3968 582 4028 post
594 3958 745 4012 Ssltowium
757 3957 831 4010 Guil.
845 3956 995 4011 Rostherus
1008 3954 1159 4024 recognocit

57 4036 137 4098 atque
154 4031 319 4093 mcrmcit,
335 4046 350 4083 c
364 4031 466 4082 (iram
483 4029 511 4082 iu
531 4030 655 4082 latislaus
671 4029 799 4081 conuertit
815 4035 841 4081 ct
857 4034 985 4095 perpetua
1001 4042 1057 4077 curs
1073 4041 1121 4078 suo
1133 4031 1158 4106 et

56 4099 173 4153 &tercii
190 4109 245 4151 tum
262 4098 340 4151 Hosii
357 4106 383 4152 et
402 4100 524 4152 Creusui
547 4100 706 4166 aliorumque
728 4097 900 4150 adsectatione
921 4094 1059 4160 iustruxit,
1077 4094 1157 4175 ⁸s'srslf-

57 4185 161 4236 remque
182 4170 384 4251 copiosissimas
403 4169 509 4249 adiecit,
529 4167 637 4237 laipslae
656 4176 684 4219 et
700 4164 871 4287 lll‘mllllll'
889 4163 1160 4287 ahilfflhoc‘cglntppkt‘s

56 4236 325 4430 dldli‘elllrrlgnslolldlll
338 4236 421 4360 3dldllds‘
441 4237 937 4378 ilrdgllrlldllslllsuerelllllrllowcslldvit
950 4304 1053 4374 partim
1069 4304 1160 4374 capla·

53 4393 139 4429 unes.
