2742 4642
269 260 328 328 DE
356 252 691 327 assumimus
716 255 752 322 P.
777 253 818 322 R.
844 252 924 322 LIB.
949 251 1008 327 111.
1111 253 1186 326 905

91 432 167 523 πρδν
185 429 314 522 άγαθῶν
334 431 368 498 ίκ
386 435 447 516 τῆς
455 436 517 496 τῶν
531 426 706 515 άρχομίνοιν
726 429 961 511 κακοδαιμονίας
976 425 993 495 ὁ
1010 427 1090 494 καθ’
1104 426 1187 515 ήμᾶς

88 536 201 627 χρόνος
219 539 362 617 ίξίπεσεν.
412 533 487 611 ἔθος
500 531 626 619 άρχαῖον
638 523 677 616 ήν
690 533 785 616 μηδὲν
798 529 915 610 όξαιθεν
928 529 1117 619 πράττεσθαι
1129 540 1186 600 τοῦ

91 648 149 726 τῆς
167 642 252 725 δίκης
277 640 377 725 lepori,
403 636 421 702 δ
440 642 573 702 καλεῖται
594 632 745 722 σήκρητον
767 635 855 701 οἱονεί
876 633 1029 720 ἀτάραχον
1046 639 1097 702 καλ
1115 644 1187 726 σιγῇ

93 743 204 827 σεμνόν
225 745 276 808 καὶ
300 739 403 807 ὁποῖον
423 738 520 806 οόκίτι
544 737 614 804 κατ’
642 737 751 803 οόδίνα
768 736 899 825 τρόπον,
918 736 999 816 ὅπως
1010 736 1054 822 μή
1066 767 1096 805 τι
1109 740 1186 827 πρὸς

65 844 249 932 ὅάβρεοιςή
271 842 392 928 βλάβης
410 849 471 909 τῶν
492 846 641 909 συντελῶν
662 837 864 930 άμαρτηθείη,
915 842 992 925 μετὰ
1017 843 1050 907 δι’
1066 842 1120 928 τήν
1135 842 1185 908 ἴν-

91 955 211 1033 θεσμον
226 955 287 1014 τῶν
305 945 423 1034 ψήφων
442 942 600 1032 ἀπόφασιν
622 940 717 1027 νόμος
737 947 787 1010 καὶ
811 944 883 1022 τοδς
899 943 1130 1033 συνεδρεύοντας
1145 952 1185 1035 τῇ

92 1052 174 1140 άρχῇ
189 1050 304 1137 άνδρας
318 1044 557 1133 νομικωτάτους,
581 1044 840 1133 ἀναγινώσκοντας
858 1054 978 1135 πρῶτον
990 1048 1045 1126 τὰς
1057 1048 1185 1136 ψήφους
1290 1060 1292 1067 ⁴

91 1157 143 1222 καὶ
161 1150 384 1230 δποτάττοντας
401 1158 446 1240 τῷ
463 1151 610 1238 λιγομίνῳ
627 1152 777 1239 σχεδαρίῳ
790 1151 825 1217 τδ
841 1150 918 1237 παρ’
933 1151 1058 1230 Ἰταλοῖς
1071 1149 1185 1217 καλοό-

90 1284 184 1342 μενον
198 1257 312 1344 ῥίκινον
333 1255 421 1342 (άντλ
435 1260 492 1321 τοῦ
505 1253 686 1338 άντιβολὴν)
713 1252 829 1320 διδόναι
845 1252 921 1342 πρὸς
936 1251 1118 1344 ὑπογραφὴν
1129 1263 1185 1340 τῆς

44 1376 86 1432 10
94 1360 193 1449 ἀρχῆς
211 1369 273 1437 τοῖς
292 1361 333 1436 είς
355 1365 444 1424 τοῦτο
464 1357 667 1442 τεταγμένοις·
693 1360 928 1444 καγκελλαρίους
950 1357 1060 1436 αὖτοδς
1075 1360 1106 1423 ἐν
1119 1368 1184 1438 τοῖς

91 1465 297 1550 δικαστηρίοις
310 1462 538 1550 ἓπιφημίζουσι,
562 1462 629 1546 περί
646 1449 688 1526 ὧν
703 1460 779 1549 πρὸς
797 1462 891 1548 πέρας
905 1462 974 1549 δρῶ.
1026 1458 1089 1528 εἶτα
1107 1462 1183 1527 issi-

89 1572 152 1633 θεν
167 1567 242 1655 πρδς
252 1572 313 1631 τῶν
325 1566 534 1653 σηκρηταρίαιν
548 1564 685 1647 ίμμελιδς
700 1564 975 1649 άναγινιυσκομίνου
989 1571 1044 1630 τοῦ
1060 1565 1184 1651 λεγομό-

89 1695 147 1736 νου
168 1675 325 1753 καθαροῦ,
351 1667 430 1734 οὕτω
443 1692 475 1734 τε
490 1667 696 1750 ἀπολυομένου
715 1674 759 1758 τῷ
774 1665 946 1755 λιτιγάτοιρι
969 1667 1079 1751 (οἱονεὶ
1098 1670 1184 1753 δίκης
1225 1694 1247 1705 ’-

89 1774 177 1838 ἕνεκα
197 1768 500 1859 παραφυλάττοντι),
525 1766 654 1853 σόναψιν
670 1765 687 1833 δ
705 1768 905 1858 σηκρητάριος
920 1770 1045 1837 ίποιεΐτο
1060 1777 1114 1856 τής
1128 1776 1184 1838 τοῦ

46 1890 82 1945 15
89 1875 299 1963 πεπραγμάνου
319 1870 475 1958 δυνάμεως
495 1883 559 1950 τοῖς
576 1872 699 1937 Ἰταλῶν
722 1871 852 1961 ῥήμασι,
877 1875 928 1938 καλ
949 1870 1061 1958 ταότην
1085 1870 1183 1960 ἐτήρει

87 1978 168 2065 παρ’
200 1976 301 2065 ἑαυτῷ
326 1977 403 2064 πρὸς
426 1973 553 2060 κώλυμα
570 1981 726 2062 τολμηρός
746 1971 927 2064 προσθήκης
945 1974 965 2059 ή
985 1972 1183 2063 δφαιρέσεοις.

88 2072 129 2148 οὗ
146 2082 183 2165 δὴ
200 2081 359 2167 γενομίνου
384 2075 489 2162 λαβὼν
510 2075 526 2144 ὃ
550 2074 683 2166 πράξας,
709 2081 760 2142 καὶ
776 2085 831 2162 τῆς
846 2078 1000 2166 ἀκριβείας
1013 2076 1183 2161 θαυμάσας

88 2186 125 2251 ‘sd
151 2180 361 2268 δικαστήριον,
384 2178 494 2270 πορήει
510 2179 586 2268 πρός
599 2179 670 2258 τοδς
684 2184 923 2270 πριμισκρινίους
937 2178 1084 2260 τάξαντας
1098 2182 1180 2264 ἓκβι-
1215 2262 1224 2271 ⁸

87 2287 209 2371 βαστήν
220 2296 283 2363 τοῖς
295 2276 571 2373 ἀποπεφασμίνοις’
597 2283 625 2349 oi
642 2285 675 2349 δὲ
691 2283 742 2349 διά
757 2291 817 2351 τῶν
829 2290 957 2369 βοηθεῖν
973 2283 1077 2362 αὐτοῖς
1092 2310 1182 2350 τετα-

44 2392 224 2476 ὶογμίνιυν,
245 2389 370 2477 ,ἀνδρῶν
394 2390 445 2452 καλ
468 2383 661 2465 διδασκάλοις
685 2387 787 2466 adroic
808 2386 972 2476 πράγματα
994 2390 1061 2475 περὶ
1084 2385 1181 2473 λόγιον

88 2489 227 2579 ζητήσας
254 2486 460 2577 παρεχόντων,
492 2487 659 2579 ἐπλήρουν,
695 2490 743 2555 lui
768 2497 825 2556 τοῦ
849 2488 946 2556 νιότου
966 2497 1022 2576 τῆς
1044 2492 1181 2575 ἕντυχίας

87 2594 266 2685 γράμμασιν
286 2596 392 2672 αλδοῦς
412 2589 543 2660 αότόθεν
564 2590 684 2679 άπάσης
699 2595 749 2659 καὶ
764 2594 902 2673 ἔξουσίας
915 2592 994 2684 δγιιιρ
1012 2594 1181 2680 σεσοβημί·

87 2725 169 2779 νοις,
194 2697 270 2786 πρδς
284 2696 340 2781 τήν
353 2699 556 2785 προσηγορίαν
569 2703 625 2762 τοῦ
638 2703 800 2784 πληρωτοῦ
813 2695 1069 2786 προσγράφοντες.
1176 2688 1179 2697 ⁴

154 2838 242 2897 tosa
256 2838 331 2896 lessi
431 2835 536 2896 atil?
569 2840 608 2914 τῷ
626 2839 660 2898 c.
762 2842 780 2896 9
816 2837 1090 2911 ixssovdepravatam
1101 2838 1179 2894 ride-

155 2918 209 2965 tur.
228 2910 264 2963 F.
380 2911 413 2966 18
429 2908 525 2980 παρίει
536 2880 570 2965 d
686 2903 844 2977 solimae?
956 2912 991 2965 21
1008 2905 1130 2978 ίπλήραυ
1144 2909 1179 2963 c.

155 2981 192 3036 22
207 2976 388 3050 στσοβημδνοι
400 2980 435 3034 c.

84 3098 133 3154 tim
151 3098 243 3168 Mais,
265 3097 366 3151 infelici
389 3096 491 3152 illorum
512 3096 584 3164 isto,
606 3100 680 3150 aetas
699 3101 790 3151 nostn
809 3096 961 3152 exciderit*
980 3113 1037 3151 aros
1059 3094 1114 3151 anti

86 3176 147 3222 erat
158 3167 223 3221 nihil
236 3167 279 3237 agi
294 3175 371 3221 extra
384 3165 506 3239 templum
520 3164 652 3233 iustitiae,
666 3167 736 3286 :pund
751 3175 879 3220 secretum
894 3167 1003 3235 dicitur,
1021 3165 1120 3220 inturbi
1139 3184 1182 3223 um

87 3236 213 3290 videlicet
228 3253 259 3289 ac
274 3236 378 3289 silentio
396 3234 562 3303 venerabile,
587 3244 614 3288 et
630 3251 664 3304 qu
692 3253 791 3289 enanc
806 3236 875 3289 nullo
893 3237 969 3290 modo
990 3245 1044 3299 est;
1068 3235 1181 3305 nequid

86 3323 145 3359 sum
170 3305 265 3358 iniuria
288 3306 415 3358 damnove
438 3305 534 3359 civium
549 3312 712 3374 peccaretur.
747 3304 886 3359 sententiis
903 3322 968 3358 vero
983 3303 1099 3373 legitime
1115 3322 1181 3387 pra-

86 3374 232 3441 nnntiatis,
258 3373 301 3427 lex
322 3382 381 3427 erat
403 3381 432 3429 et
452 3373 599 3428 assidentes
622 3374 804 3442 praefecturae
826 3374 899 3427 νίτοο
918 3373 984 3427 iuris
1006 3373 1181 3443 peritissimos

83 3443 168 3497 lectas
184 3443 293 3512 primam
310 3443 454 3497 sententias
470 3442 622 3509 schedario,
639 3450 670 3494 at
685 3451 797 3509 vocant,
816 3443 962 3511 subiicere,
981 3451 1008 3495 et
1024 3444 1093 3512 quod
1110 3442 1180 3495 reci-

86 3529 148 3566 num
165 3512 224 3564 Itali
243 3519 339 3565 vocant
354 3511 400 3578 (id
415 3521 456 3565 est
468 3506 654 3634 duffio),
679 3529 696 3564 a
718 3510 870 3581 magistratu
888 3510 1181 3569 subscribendamthuic

85 3581 127 3635 rei
144 3580 303 3650 praepositis
320 3582 438 3633 tradere:
455 3599 518 3635 canc
583 3581 622 3633 'os
636 3597 682 3632 eos
697 3580 724 3633 in
739 3581 843 3635 iudiciis
857 3590 969 3647 νοτιτιις
989 3581 1131 3650 dequibus
1147 3579 1182 3633 ad

85 3657 229 3703 extremum
246 3650 364 3702 dicturus
380 3666 446 3702 sam.
480 3650 542 3702 inde
558 3666 638 3719 porro
654 3667 671 3702 a
687 3650 838 3704 secretariis
854 3668 936 3720 puro,
955 3656 985 3702 ut
1000 3658 1109 3715 vocant,
1128 3647 1181 3700 rite

83 3717 171 3786 lecto,
199 3718 289 3788 sieque
314 3716 411 3771 tradito
427 3717 555 3787 litigatori
576 3716 693 3787 (quippe
711 3736 805 3773 musae
822 3718 909 3788 gratia
925 3718 1074 3786 adstanti),
1097 3732 1179 3783 syna-

83 3787 146 3858 psin
163 3805 277 3840 summae
297 3786 349 3840 acti
365 3787 523 3840 secretarius
543 3787 639 3840 Latino
655 3804 776 3842 sermone
791 3789 921 3852 faciebat,
939 3804 1047 3856 eamque
1064 3787 1133 3858 apud
1149 3801 1181 3838 se

84 3858 224 3923 servabat,
250 3874 283 3909 ne
305 3855 368 3926 quid
391 3856 499 3910 audacia
521 3856 631 3910 adderet
651 3858 815 3924 demerem,
841 3855 995 3927 impediens.
1030 3872 1082 3925 quo
1100 3855 1180 3923 iacto,

84 3941 143 3978 cam
161 3928 291 3995 (purum)
308 3924 454 3995 recepisset
467 3924 597 3993 litigator,
620 3924 734 3994 rigorem
754 3925 845 3979 iudicii
867 3924 1008 3979 admiratus
1030 3925 1063 3977 sd
1086 3922 1178 3993 primi-

84 3994 212 4060 scrinios,
230 3993 276 4064 qul
290 3994 477 4047 sententiarum
491 4002 656 4046 executorem
673 3994 875 4060 constituerant,
892 3993 1126 4064 progrediebatur:
1150 3990 1179 4043 lri

84 4072 171 4116 autem
189 4080 238 4132 per
254 4070 412 4133 apparentes
427 4063 493 4133 ipsis
510 4062 658 4130 adiutores,
676 4062 749 4116 viros
766 4062 809 4114 vel
826 4062 893 4131 ipsis
909 4061 1042 4131 magistris
1059 4062 1129 4115 circa
1145 4060 1178 4113 li·

82 4137 200 4185 terarum
216 4131 383 4200 quaestiones
397 4131 529 4201 negotium
541 4132 717 4200 lacessentes,
743 4130 899 4200 implebant,
924 4130 952 4183 in
970 4147 1063 4184 aversa
1078 4131 1168 4184 charta

82 4198 170 4254 literis
193 4217 294 4254 omnem
318 4199 405 4253 statim
426 4200 601 4255 reverentiam
618 4219 650 4255 aa
665 4208 823 4272 potestatem
839 4218 904 4273 prae
919 4217 949 4256 se
966 4200 1125 4271 ferentibus,
1145 4170 1179 4254 ad

83 4286 179 4324 uomea
194 4267 360 4340 completoria
373 4267 562 4325 adscribentes.
